3798 5584
799 447 833 515 V,
851 448 957 504 14-31
1492 452 1554 516 115

203 624 260 686 niis
282 624 400 688 Tacitus
427 626 467 687 ait
488 628 669 706 praefectum
690 646 764 701 esse,
786 627 916 709 pertinet
936 627 972 688 ad
994 625 1151 689 factionem
1166 625 1344 701 Romanam
1366 625 1483 690 Parthis
1505 627 1557 708 qui

202 726 337 790 favebant
358 727 489 790 Armenii
516 747 576 790 uon
603 730 699 792 solum
726 749 794 793 eum
818 748 878 792 uon
900 737 1085 810 acceperunt,
1108 729 1160 792 sed
1181 730 1253 793 adeo
1275 729 1383 792 bellum
1406 729 1433 792 ei
1455 749 1556 792 move-

202 839 274 893 runt
289 851 315 892 a.
331 833 402 903 755,
419 833 449 895 in
465 851 524 913 qno
535 832 667 913 Artagira
682 833 819 896 obsidens
832 833 920 896 Gaius
935 833 1105 894 vulneratus
1120 831 1217 914 paullo
1231 840 1299 913 post
1314 832 1366 908 (tt
1382 832 1467 895 Febr.
1482 835 1555 910 757)

202 953 237 996 es
258 952 294 995 eo
315 933 434 995 vulnere
456 933 570 1014 obiit¹).
594 970 636 980 —
657 935 757 1016 Pergit
777 936 896 999 Tacitus
918 955 986 1000 ann.
1003 935 1032 1008 2,
1048 937 1083 996 4:
1105 935 1300 998 metaneae
1321 947 1413 1000 morte
1433 939 1557 1018 sortndc

202 1037 350 1118 οϋεοοιριο
377 1041 492 1118 stirpem
519 1042 578 1100 ero
605 1039 684 1101 baed
709 1039 875 1104 toleravere.
924 1037 977 1100 nio
1004 1041 1193 1120 quoquedb,
1216 1041 1269 1101 1οε
1296 1037 1353 1122 τὴν
1375 1035 1555 1122 Ἀρμενίαν,

201 1141 249 1214 ait,
271 1136 345 1202 τότε
367 1137 428 1221 μὲν
456 1132 763 1228 ὁἍροοβαρζάνης,
787 1137 1021 1216 ἀποθανόντος
1043 1140 1080 1205 δὲ
1102 1137 1203 1206 αὐτοῦ
1226 1137 1264 1205 osi
1286 1140 1401 1226 πολλῷ
1422 1138 1557 1224 ὕστερον

196 1237 397 1326 Ἀρταβάζης
419 1239 438 1307 o‘
460 1239 532 1316 οἷὸς
554 1243 647 1327 παρά
667 1268 702 1307 τε
723 1244 782 1308 τοῦ
805 1240 1001 1322 Αὐγούστου
1023 1243 1080 1305 καὶ
1103 1243 1196 1328 παρὰ
1217 1247 1274 1328 τῆς
1295 1242 1415 1329 βουλῆς
1430 1241 1556 1326 ἔλαβεν.

200 1345 409 1409 Ariobarzanes
441 1347 530 1427 igitur
564 1348 664 1428 paucis
696 1349 781 1411 annis
809 1355 876 1429 post
898 1347 959 1408 755
982 1345 1060 1410 diem
1088 1347 1161 1410 obiit
1192 1349 1391 1430 successitque
1424 1348 1450 1410 ei
1477 1348 1555 1411 filius

200 1449 383 1524 Artavasdes,
407 1458 440 1514 ut
461 1451 611 1531 Augustus
639 1471 756 1534 quoque
778 1451 919 1513 hocloco
941 1448 1053 1511 scribit.
1096 1449 1168 1513 Eius
1191 1451 1306 1514 videtur
1327 1471 1391 1514 esse
1412 1469 1555 1514 nummus

201 1551 296 1613 adbuc
326 1551 432 1632 opinor
454 1553 559 1616 unicus
582 1555 677 1618 editus
700 1575 716 1617 a
739 1555 888 1617 Gardnero
912 1553 1110 1628 (Naama'emotic
1132 1553 1272 1616 erronee
1293 1553 1406 1616 vol.12
1429 1574 1455 1616 a.
1473 1553 1555 1616 1872

201 1671 228 1733 p.
246 1655 265 1716 9
289 1653 346 1716 tab.
366 1658 380 1717 1
398 1674 428 1716 n.
444 1658 485 1732 7),
509 1659 668 1722 ostendens
690 1658 727 1720 ab
750 1677 807 1720 una
829 1665 911 1737 parte
934 1664 1022 1735 caput
1035 1655 1160 1737 Augusti
1181 1657 1343 1720 laureatum
1366 1657 1498 1732 itatem,
1522 1669 1556 1721 ut

201 1756 332 1820 cernitur
359 1759 389 1820 in
417 1759 543 1822 denariis
572 1761 604 1822 L.
627 1773 658 1824 et
678 1762 710 1824 C.
726 1761 883 1823 Caesarum
912 1759 991 1822 cusis
1019 1777 1096 1820 anno
1121 1762 1183 1822 tere
1213 1759 1289 1834 753,
1316 1759 1555 1842 adscriptumque

201 1861 285 1922 θεοῦ
311 1863 477 1944 Καίσαρος
505 1858 690 1943 εὐεργέτου,
713 1864 749 1926 ab
771 1864 861 1926 attera
883 1871 970 1942 caput
991 1861 1068 1941 regis
1094 1861 1292 1925 diadematum
1314 1863 1555 1945 adscriptumque

200 1960 364 2042 βασιλέως
390 1961 533 2046 μεγάλου
550 1961 784 2050 maravenses,
814 1983 993 2046 quamquam
1020 1965 1129 2045 poterit
1153 1964 1224 2027 item
1258 1965 1348 2028 tribui
1380 1968 1555 2031 Artavmae

200 2066 226 2128 ei
249 2067 383 2147 quicum
400 2067 524 2147 Tigrane
541 2069 578 2132 ill
593 2070 722 2133 certavit.
753 2071 943 2132 Interiectum
959 2087 1025 2130 esse
1038 2068 1227 2130 Artavasdem
1243 2069 1445 2132 Ariobarzanis
1461 2071 1554 2132 filium

200 2170 399 2250 comperimus
421 2191 457 2232 ex
479 2173 542 2234 scio
563 2174 688 2254 Augusti
710 2171 936 2245 commentario,
959 2171 1014 2234 etsi
1036 2169 1116 2234 idem
1138 2170 1255 2234 Tacitus
1277 2171 1307 2234 in
1331 2181 1430 2236 mente
1451 2174 1554 2237 habuit

200 2273 331 2336 scribens
344 2275 500 2338 Armenios
515 2277 637 2357 stirpem
653 2275 855 2339 Ariobarzanis
877 2293 937 2336 non
953 2274 1130 2337 toleravisso.
1167 2275 1209 2336 Ex
1224 2276 1326 2339 eodem
1342 2277 1554 2340 commentario

199 2375 341 2439 discimus
368 2377 399 2440 in
427 2378 490 2441 eius
512 2379 609 2442 locum
631 2379 797 2459 Augustum
821 2379 1010 2442 substituisse
1032 2377 1187 2459 Tigranem
1210 2379 1282 2458 (IV).
1325 2379 1403 2444 Eum
1425 2399 1493 2444 cum
1516 2401 1551 2444 ex

299 2605 321 2671 ¹)
350 2604 403 2655 Hoc
431 2612 547 2672 spectare
573 2603 695 2658 fastorum
721 2603 991 2671 iiipatranscnensinm
1017 2601 1154 2656 frustulum
1181 2601 1219 2668 (C.
1238 2603 1256 2656 Ι.
1276 2602 1332 2656 1..1
1356 2622 1379 2673 p.
1398 2607 1448 2658 171
1467 2627 1499 2652 .-
1517 2606 1554 2659 IX

199 2706 223 2738 o.
236 2687 303 2740 5290
321 2689 416 2756 11171)
436 2690 568 2742 Heomous
586 2691 729 2753 intellexit3
747 2691 920 2757 supplementa
940 2699 1023 2742 tames
1041 2689 1072 2742 ab
1091 2704 1121 2740 eo
1141 2691 1272 2756 proposita
1288 2691 1364 2758 longe
1382 2694 1505 2746 recedunt
1522 2694 1553 2745 ab

198 2775 288 2826 borum
305 2775 429 2827 fastorum
448 2777 617 2842 ordinatione,
637 2777 736 2844 qualem
755 2775 875 2842 patefacit
893 2773 1002 2828 frustum
1022 2775 1131 2826 alterum
1150 2779 1236 2842 (supra
1249 2793 1271 2842 p.
1285 2777 1342 2842 61);
1364 2779 1465 2831 scilieet
1477 2795 1554 2848 pone-

198 2862 291 2913 bantur
313 2861 350 2913 ibi
372 2863 479 2928 primum
502 2865 620 2915 eonsules
643 2865 703 2915 anui
726 2864 822 2928 totins,
846 2863 937 2914 deinde
959 2877 1001 2912 res
1023 2862 1079 2912 eins
1105 2863 1164 2912 anni
1185 2862 1375 2926 memorabiles,
1399 2865 1477 2916 tertio
1496 2867 1553 2918 icco

198 2949 365 3014 magistratus
384 2949 439 3000 eius
458 2951 519 3001 anni
537 2950 711 3017 municipales.
741 2948 900 3000 Crediderim
918 2948 1031 3016 equidem
1051 2947 1199 3015 particulam
1210 2949 1274 3000 bane
1286 2951 1415 3016 pertinere
1428 2951 1458 3002 ad
1471 2951 1553 3005 solum

196 3051 287 3085 annom
306 3034 355 3084 757
374 3041 400 3086 et
418 3035 455 3086 sie
473 3034 528 3087 iere
547 3036 730 3087 restituendam
748 3049 818 3086 esee:

398 3154 447 3190 ecs.
598 3156 655 3192 aea.
700 3139 782 3191 aetius
816 3141 890 3190 actm
1015 3151 1036 3188 c.
1071 3139 1169 3188 amitere
1203 3139 1354 3189 autumnans

600 3229 655 3294 aas.
707 3225 730 3276 ts.
778 3224 822 3275 a'ot
975 3237 996 3273 c.
1083 3221 1178 3274 dodim
1262 3223 1355 3276 Ιὶοίηοε

984 3324 1024 3360 err.
1068 3312 1167 3361 sentius
1201 3313 1353 3363 summam

413 3397 470 3446 uiir‘i
495 3395 519 3446 is.
570 3401 649 3448 armat.
702 3413 723 3447 c.
769 3411 858 3448 caesor
900 3407 962 3450 Ave
986 3420 993 3436 ·
1017 3407 1033 3449 r
1054 3419 1063 3436 ·
1086 3397 1207 3448 naccae
1232 3397 1259 3446 in
1285 3395 1353 3464 tyara

492 3497 590 3532 ennom
618 3499 700 3550 οςεοε
725 3485 800 3535 aaut
833 3506 840 3521 ·
875 3492 979 3536 sousa
1013 3505 1020 3520 ·
1049 3484 1200 3536 rvsrrra'om
1284 3482 1354 3536 indie

491 3572 547 3618 tram
615 3572 653 3618 eat
723 3579 827 3624 nottsc
838 3592 845 3608 ·
855 3575 1014 3622 osseuttvs
1026 3590 1034 3608 ·
1048 3579 1079 3620 ιΝ
1092 3591 1100 3608 ·
1117 3578 1311 3623 massotceum
1324 3571 1351 3619 in

489 3655 624 3720 [mentor
723 3665 745 3706 v
761 3677 767 3692 ·
785 3665 833 3706 arn
854 3676 863 3692 ·
886 3663 954 3706 sarr
975 3676 983 3690 ·
1004 3663 1118 3707 ssssvu
1134 3676 1142 3694 ·
1158 3663 1222 3707 cvm
1238 3655 1352 3706 bonnm

491 3755 516 3805 p.
552 3754 573 3790 r.
605 3753 699 3805 gom
729 3750 759 3791 us
798 3763 805 3778 ·
841 3749 979 3791 rausum
1015 3761 1023 3778 ·
1060 3749 1219 3794 rsacvssca
1236 3737 1352 3790 eatdom

492 3821 587 3874 obsidet
703 3835 872 3878 arrAGtttAttt
959 3849 967 3865 ·
1036 3826 1174 3878 summm
1229 3823 1350 3891 oppidum

408 3923 426 3958 ο
453 3907 476 3958 ts.
521 3907 565 3958 iod.
609 3910 668 3977 imp.
713 3923 802 3960 caesar
871 3921 899 3963 τι
930 3909 988 3976 ·s
1016 3933 1023 3947 ·
1052 3922 1165 3963 Drusum
1182 3923 1208 3958 n.
1221 3905 1351 3976 adoptarat

196 4017 318 4069 Extremo
332 4034 419 4082 verso,
436 4019 480 4071 nbi
498 4033 566 4074 rtet>
584 4021 704 4086 traditur,
722 4029 829 4089 possunt
847 4021 924 4073 etiam
939 4022 1045 4072 rivirum
1058 4021 1157 4070 nomina
1170 4017 1258 4080 inisse,
1277 4033 1421 4086 quamquam
1433 4021 1550 4088 adoptio.

196 4117 251 4152 nem
263 4099 361 4152 Tiberii
378 4101 425 4152 filii
444 4103 597 4170 duorumque
615 4111 732 4169 nepotum
750 4121 766 4155 a
784 4103 910 4155 laterculo
929 4119 978 4153 noo
997 4101 1091 4153 ciuisse
1109 4100 1258 4153 verisimile.
1289 4099 1315 4151 ln
1332 4101 1478 4152 universnm
1491 4119 1550 4153 con-

195 4187 324 4239 terendum
349 4194 389 4238 est
414 4188 540 4240 decretum
565 4190 711 4241 Pisaoorum
729 4191 820 4255 (Oreli.
841 4189 913 4252 643),
937 4189 964 4239 iu
987 4205 1034 4254 quo
1053 4189 1091 4239 eie
1109 4195 1161 4238 est:
1186 4186 1210 4238 C.
1233 4185 1367 4238 Caesarem
1383 4191 1501 4255 Augusta*
1517 4217 1549 4226 —

191 4273 281 4339 fidium
299 4273 354 4324 divi
370 4278 484 4342 nepotem
500 4280 559 4342 port
576 4274 740 4338 conuictum,
759 4292 833 4343 quem
845 4275 915 4326 uitro
926 4275 988 4342 finis
998 4277 1132 4326 eatroaw
1141 4273 1227 4341 populi
1236 4271 1346 4324 Rmuona'
1356 4273 1446 4324 mom
1454 4290 1549 4342 gerens

187 4359 307 4427 solicitet·
321 4364 470 4428 peragunt,
491 4361 551 4412 dene
568 4365 645 4428 gesta
662 4378 691 4414 re
706 4361 820 4430 publiea,
841 4360 960 4412 deoabtea‘a
976 4364 1023 4410 cart
1039 4359 1066 4410 io
1081 4358 1165 4425 fidem
1182 4361 1289 4427 receptis
1306 4357 1503 4412 beidicoaa'aaa'ma'a
1519 4377 1550 4414 οε

194 4448 320 4497 mneimia
329 4447 455 4512 gentibus,
467 4449 552 4515 iprum
564 4446 704 4500 columbus
713 4463 760 4516 pro
772 4466 800 4500 re
810 4447 912 4516 preditos
923 4433 1036 4514 enoepfla
1047 4449 1075 4496 iu
1087 4461 1115 4496 eo
1126 4461 1186 4496 casu
1198 4444 1342 4497 erodeiidua
1352 4447 1427 4514 satta
1438 4452 1549 4514 ereptum

192 4532 284 4600 pcpnio
300 4531 416 4583 Rontoero
438 4541 463 4584 et
483 4541 542 4600 post
558 4535 624 4586 alia:
647 4537 763 4602 oportere
784 4550 819 4585 eo·
842 4549 872 4584 eo
889 4531 940 4598 die,
959 4547 1009 4600 quc
1025 4535 1079 4584 eiua
1097 4531 1199 4583 decessu
1216 4534 1347 4584 nummus
1364 4536 1445 4596 esset,
1468 4549 1549 4600 aesque

195 4617 230 4667 ad
244 4634 302 4668 eom
319 4617 399 4683 dmm,
416 4635 466 4684 qaeu
484 4635 542 4671 casa
560 4621 640 4674 reduto
656 4624 733 4686 etque
750 4617 851 4671 condato
868 4621 982 4684 iustoque
1000 4621 1058 4669 eina
1075 4619 1191 4669 monibus
1205 4620 1322 4687 perfecta
1338 4623 1428 4683 meent,
1446 4623 1548 4670 comtos

195 4708 259 4754 rede
280 4708 383 4754 mutato
401 4731 433 4742 —
451 4706 604 4756 omoiotiboa
626 4723 680 4757 aeae
696 4708 826 4774 apstinere
843 4711 891 4756 eet.
928 4701 1056 4756 iustitium
1075 4703 1170 4755 nullum
1188 4703 1310 4755 indictum
1328 4713 1369 4756 est
1386 4704 1454 4756 Pisis
1472 4721 1546 4772 prop-

196 4797 281 4872 terqa,
308 4791 372 4855 qood
400 4805 429 4840 ec
455 4796 567 4856 tempore
594 4789 662 4842 forte
688 4791 722 4842 ibi
743 4789 911 4854 magistratus
937 4806 984 4840 noo
1010 4797 1082 4842 erant
1108 4805 1186 4856 oeque
1207 4791 1337 4857 quisquam
1360 4791 1415 4842 iore
1438 4792 1546 4843 dicundo

196 4882 321 4942 praeerat.

1350 4959 1388 5016 81
