3798 5584
789 473 823 542 V,
842 476 945 530 24-31
1478 479 1539 541 117

190 651 361 716 Parthicum
383 653 535 716 aVonono
557 661 588 716 et
609 655 785 724 adfectatum
800 654 1006 716 Armeniacum
1030 662 1153 734 uterque
1174 664 1277 718 auctor
1291 662 1354 716 arte
1376 652 1541 733 coniungit)

191 755 328 820 Vonones
353 757 421 820 exul
441 756 473 819 in
488 757 658 821 Armeniam
685 757 767 820 venit
791 757 891 838 ibique
918 775 986 820 cum
1009 755 1065 820 sibi
1086 775 1103 820 a
1124 758 1249 821 factione
1270 757 1395 839 quadam
1418 775 1541 838 regnum

191 859 356 936 edometur,
378 859 409 922 id
432 861 562 944 suscepit
583 871 613 924 ct
633 861 670 924 ab
685 862 817 943 Augusto
839 861 927 924 utin
949 880 984 923 eo
1006 861 1229 926 confirmaretur
1250 881 1305 944 per
1325 862 1434 942 legatos
1449 859 1540 942 potiit,

191 981 288 1044 nequo
312 973 410 1027 tamen
433 964 608 1046 impetravit,
631 984 701 1028 nana
724 967 750 1028 si
770 967 966 1048 impetrasset,
989 964 1139 1045 Augustus
1155 965 1259 1046 opinor
1273 965 1303 1028 id
1319 983 1379 1028 non
1394 964 1542 1027 tacuisset.

191 1065 248 1128 Eas
271 1067 372 1130 turbas
394 1076 424 1131 et
445 1087 570 1149 regnum
592 1068 678 1131 inane
694 1069 799 1132 Strabo
822 1087 938 1150 quoque
960 1068 1035 1130 libro
1058 1077 1149 1143 sexto,
1172 1088 1261 1150 quem
1276 1078 1381 1150 quarto
1401 1072 1462 1130 fere
1476 1075 1544 1150 post

190 1167 271 1232 hunc
296 1170 424 1233 indicem
453 1191 530 1234 anno
558 1171 689 1252 scripsit,
720 1172 814 1254 tangit
835 1172 865 1248 6,
888 1173 917 1247 4,
941 1170 960 1232 2
983 1191 1011 1252 p.
1028 1169 1100 1246 288,
1136 1172 1167 1235 in
1199 1191 1322 1236 recensu
1356 1171 1542 1253 populorum,

190 1272 242 1352 qui
275 1293 292 1336 a
319 1273 460 1338 Romanis
494 1275 630 1338 dominos
657 1275 838 1358 acciperent:
870 1270 1039 1359 ’Λρμένοοι
1065 1271 1103 1338 dd
1131 1309 1174 1320 —
1199 1277 1386 1360 παρουσίας
1411 1273 1543 1339 δέονται

191 1371 294 1457 μόνον
315 1377 380 1442 τῶν
401 1374 625 1464 ἡγησομένων,
648 1377 753 1454 καλῶς
775 1377 813 1443 δὲ
842 1378 1052 1462 κρατοῦνται·
1079 1375 1307 1461 νεωτερίζουσι
1335 1375 1373 1442 δὲ
1399 1375 1459 1442 διὰ
1486 1376 1544 1452 τὰς

190 1479 256 1542 τῶν
274 1475 444 1564 Ῥωμαίων
465 1477 686 1563 ἅπασχολίας.

291 1585 439 1658 Quamdiu
459 1586 597 1649 Armenia
622 1586 653 1648 in
681 1585 795 1648 dicione
821 1585 952 1649 Romana
985 1585 1108 1661 mansit,
1141 1585 1172 1649 id
1205 1586 1242 1649 ad
1267 1585 1393 1650 biediam
1426 1604 1543 1667 quoque

190 1687 370 1768 pertinuisse
390 1689 547 1754 verisimile
568 1698 615 1754 est
636 1697 666 1752 et
689 1699 748 1753 tam
763 1688 987 1752 Ariobarzanem
1009 1709 1098 1771 quam
1113 1689 1302 1754 Artavasdem
1325 1709 1353 1752 tv
1374 1689 1405 1752 in
1421 1698 1544 1768 utraque

191 1792 302 1873 pariter
322 1811 468 1874 regnasse.
504 1793 576 1856 Post
597 1794 626 1856 id
648 1802 766 1875 tempus
780 1813 848 1857 cum
863 1793 1001 1857 Armenia
1016 1795 1157 1858 Romanis
1172 1813 1237 1857 sose
1251 1794 1446 1868 subtraheret,
1468 1793 1544 1856 Medi

190 1905 241 1958 aut
266 1896 371 1959 eodem
393 1906 526 1979 tempora
546 1905 600 1959 aut
620 1905 704 1960 antea
726 1897 785 1960 iam
808 1917 824 1960 a
846 1897 987 1962 Romanis
1008 1898 1195 1961 desciverunt
1216 1897 1377 1962 constituto
1399 1897 1456 1960 sibi
1476 1915 1543 1978 rege

190 1999 338 2062 Artabano
367 2001 521 2082 (Iosephus
547 2010 607 2064 ant.
625 1999 674 2076 18,
697 1999 727 2076 2,
750 2001 784 2081 4)
815 2011 947 2064 materno
977 2022 1013 2066 er
1042 2021 1147 2084 genere
1173 2001 1356 2076 Arsacidam,
1383 2002 1434 2064 sed
1461 2010 1544 2084 patre

192 2103 300 2186 Scytha
320 2113 355 2167 ut
376 2104 506 2179 videtur,
536 2114 614 2167 certe
636 2106 792 2167 educatum
822 2106 898 2186 apud
922 2107 1045 2187 Scythas
1067 2105 1198 2187 (Tacitus
1224 2125 1293 2168 ann.
1309 2105 1345 2180 2,
1368 2103 1397 2166 3.
1421 2105 1456 2178 6,
1480 2104 1543 2182 42),

190 2226 259 2269 eum
281 2208 393 2289 ipsum,
422 2207 473 2288 qui
495 2207 564 2270 hinc
585 2227 671 2270 orsus
693 2227 718 2270 ο.
734 2227 760 2270 a.
777 2208 838 2270 764
861 2208 981 2272 Vonone
1003 2210 1125 2292 expulso
1146 2209 1262 2272 Parthis
1284 2227 1401 2289 quoquo
1422 2208 1544 2290 imperi·

191 2311 271 2373 tavit
308 2311 412 2374 Strabo
434 2321 532 2374 nmen
558 2313 606 2387 11,
631 2311 687 2386 13,
715 2312 735 2372 2
764 2331 793 2392 p.
814 2311 874 2375 523
905 2313 1004 2376 Medos
1032 2313 1134 2377 scribit
1162 2312 1319 2376 amicitiam
1345 2314 1448 2376 fecisse
1475 2331 1543 2376 cum

190 2414 322 2491 Caesare,
344 2415 434 2478 simul
457 2424 554 2478 tamen
575 2415 700 2479 Parthos
721 2418 825 2479 colere.

292 2519 452 2582 Stemmata
475 2519 586 2582 subieci
608 2519 673 2590 tria,

721 2677 837 2722 REGES
858 2677 1047 2721 88188188.

696 2743 822 2810 Tigranes
842 2740 871 2807 (Ι)
889 2758 959 2807 regn.
977 2745 1009 2794 ab
1026 2759 1049 2794 a.
1070 2742 1119 2794 ddi
1136 2744 1168 2794 ad
1187 2759 1209 2795 a.
1230 2751 1299 2796 certe
1319 2743 1369 2794 698

735 2897 896 2949 Artavasdes
913 2901 928 2952 †
947 2897 998 2948 724

452 2964 1284 3066 m

510 3086 581 3136 regn.
600 3071 735 3123 tto-tao
803 3085 874 3135 regn.
888 3069 937 3120 '134
948 3097 1014 3120 —..
1079 3077 1094 3128 †
1112 3087 1133 3121 c.
1147 3087 1169 3122 a.
1182 3071 1234 3121 75³

763 3251 778 3302 †
795 3260 817 3295 ο.
830 3259 852 3294 a.
866 3243 915 3293 753

733 3363 1010 3410 886811881Δ8.

773 3433 963 3484 Ariobarzanes

791 3584 948 3638 mvasdee

789 3662 804 3713 †
822 3670 844 3706 o.
857 3670 881 3706 a.
895 3653 945 3704 ⁷³4

871 3720 877 3805 1

780 3807 967 3860 Ariobarzanes

580 3892 626 3929 rex
643 3875 742 3930 biediae
761 3895 783 3929 ο.
795 3893 818 3929 a.
832 3877 891 3940 734,
908 3875 1045 3926 Armeniae
1062 3889 1087 3926 a.
1100 3874 1148 3925 753

790 4030 947 4084 Artavasdes

679 4115 727 4150 rex
745 4099 845 4152 idediae
863 4108 890 4151 et
906 4097 1043 4149 Ameriae

762 4173 777 4224 †
794 4175 853 4220 ante
872 4183 894 4218 a.
908 4168 958 4218 tot

271 4373 383 4427 Herodes
401 4374 682 4442 nagauavttartmao
707 4308 1215 4440 liili‘eihsseiaaievialal}(Alatpipaadoeiaa-auxor
1232 4370 1302 4436 regie
1319 4369 1455 4422 Armeniae
1472 4369 1545 4420 aliar

449 4531 594 4581 Alexander
818 4553 849 4572 ν
1067 4525 1198 4593 Glaphyro

371 4588 1296 4694 W

839 4717 887 4753 rex
905 4699 1039 4751 Armeniae
1058 4717 1080 4750 ο.
1092 4713 1115 4749 a.
1129 4699 1178 4748 764

584 4769 711 4834 Tigranes
863 4776 878 4827 †
896 4785 920 4820 a.
933 4768 984 4819 789
1000 4789 1035 4811 =
1052 4785 1075 4834 p.
1089 4767 1115 4819 C.
1128 4767 1161 4818 36

548 4855 597 4891 rex
613 4839 748 4891 Armetdw

513 4923 536 4960 a.
550 4908 599 4960 813
618 4927 651 4952 =
669 4923 692 4974 p.
706 4908 732 4959 C.
746 4909 779 4958 60
