3812 5580
803 433 836 502 V,
856 436 961 490 44—49
1495 439 1557 503 129

203 615 314 695 viginti,
337 614 462 696 quarum
490 625 601 696 partem
626 616 743 695 explent
763 616 876 678 litterae
899 636 913 677 a
937 615 1015 677 ana
1043 625 1172 678 servatae
1200 614 1430 694 Qvoolxl'ilv3
1451 618 1559 680 iunctis

204 719 250 780 nis
284 719 422 782 omnibus
455 720 540 780 lectio
573 719 705 799 procedit
738 723 810 780 citro
839 720 914 800 quod
940 720 1086 782 Dacorum
1112 731 1315 802 transgressam.
1346 757 1386 766 -
1414 721 1481 783 dlox
1510 719 1561 784 ubi

203 843 398 904 posueramus
427 844 480 904 ego
501 825 673 904 profligatus
693 827 835 904 uictusque
857 835 905 895 est,
929 825 1100 904 prostremus
1123 845 1272 907 caesusque
1292 825 1443 906 Berglrius,
1471 829 1557 908 fusus

202 929 375 1008 perpetuaque
394 927 655 1000 Domaszewskius‚
678 927 751 1006 lapis
773 928 830 989 iarn
855 927 934 989 dedit
955 929 1065 1006 [oicltus
1083 929 1310 1010 pronepotesque
1332 941 1378 992 est.
1395 929 1561 994 —Versus

203 1033 293 1092 fiuent
309 1031 475 1093 Pacuuium
494 1031 543 1094 ulri
561 1032 745 1112 scripseram,
767 1030 874 1094 latrum
889 1031 1055 1093 emendavit
1068 1032 1209 1112 Berglrius
1228 1034 1466 1115 transposuitque
1485 1055 1563 1100 meus

204 1139 352 1206 eaerulus,
376 1135 426 1196 sed
450 1145 610 1215 utrumque
633 1134 718 1196 lectio
741 1135 852 1215 expleta
875 1135 1032 1213 redarguit.

305 1239 473 1300 Pannonios
497 1238 612 1302 domuit
633 1238 677 1299 Ti.
694 1238 770 1300 Nero
785 1239 821 1300 ab
836 1257 862 1300 a.
879 1238 940 1300 742
963 1239 999 1300 ad
1021 1257 1047 1300 a.
1064 1240 1142 1314 7453
1164 1258 1232 1301 nam
1257 1240 1293 1303 de
1311 1242 1364 1304 hac
1378 1243 1562 1324 expeditione

206 1343 393 1422 cogitandum
414 1362 488 1417 esse,
511 1362 571 1404 non
591 1343 627 1404 de
642 1341 800 1406 rebellione
815 1341 1035 1403 Pannoniorum
1058 1361 1083 1403 a.
1101 1342 1269 1405 759-762
1291 1354 1322 1405 et
1343 1365 1378 1406 ex
1400 1346 1464 1407 aliis
1486 1346 1563 1408 indi-

206 1447 258 1508 ciis
279 1456 399 1528 apparet
420 1456 450 1508 et
473 1447 540 1508 inde
562 1445 699 1520 maxime,
721 1446 800 1527 quod
822 1446 877 1508 hoc
901 1455 1032 1526 ternpore
1048 1445 1183 1508 Tiberius
1199 1465 1258 1509 non
1273 1448 1425 1529 privignus
1440 1449 1564 1530 Augusti

206 1551 271 1624 fuit,
295 1553 345 1613 sed
368 1551 455 1612 filius.
491 1551 556 1631 lpse
578 1552 729 1629 Augustus
752 1559 836 1610 antea
862 1550 938 1611 bello
954 1549 1112 1612 llalmatico
1135 1569 1165 1612 u.
1181 1569 1206 1612 c.
1224 1551 1294 1612 719.
1312 1551 1373 1612 tto
1396 1552 1564 1614 Pannonios

207 1655 352 1717 devicerat
373 1655 487 1735 primus
511 1654 722 1717 Romanorum.
767 1653 907 1733 legatum
937 1673 1023 1716 suum
1053 1672 1120 1716 cum
1149 1655 1299 1732 Augustus
1328 1655 1453 1736 appellet
1474 1656 1565 1718 'libe-

207 1761 295 1832 rium,
326 1768 447 1840 apparet
469 1775 538 1820 eum
562 1769 625 1820 tum
649 1757 810 1839 praefuisse
833 1757 960 1838 lllyrico;
990 1777 1117 1837 quocum
1141 1758 1351 1820 conferendum
1374 1761 1453 1839 quod
1476 1763 1566 1821 refert

208 1862 262 1924 llio
277 1865 327 1936 54,
344 1862 384 1923 34
406 1862 552 1943 Illyricum
576 1883 601 1924 a.
618 1862 679 1923 727
703 1861 817 1923 senatui
835 1862 972 1923 traditum
989 1871 1109 1942 propter
1124 1861 1179 1922 hoc
1194 1861 1291 1940 ipsum
1308 1861 1416 1924 bellum
1432 1865 1565 1944 Augusto

209 1966 386 2047 permissum
416 1986 488 2028 esse.
533 1966 731 2046 Triumphum
754 1965 871 2026 'liberio
902 1966 940 2026 ob
969 1965 1046 2026 lianc
1076 1965 1226 2026 victoriam
1249 1965 1399 2028 decretum
1429 1967 1493 2044 (llio
1516 1969 1566 2041 54,

210 2068 265 2148 31)
293 2087 395 2130 verum
423 2079 467 2130 est
488 2070 545 2130 hoc
567 2079 701 2149 tempore
723 2069 824 2148 legatis
846 2067 966 2130 concedi
989 2087 1048 2130 non
1071 2069 1178 2144 solere;
1200 2071 1251 2131 sed
1274 2089 1341 2132 cum
1365 2079 1395 2133 et
1416 2071 1473 2132 sub
1495 2070 1567 2132 Cae-

210 2192 274 2234 sare
304 2172 445 2233 dictatore
474 2181 504 2233 et
524 2191 577 2252 per
598 2173 748 2252 proximos
771 2193 865 2235 annos
887 2173 973 2252 legati
995 2173 1030 2234 ad
1052 2191 1122 2234 eum
1145 2172 1266 2234 admissi
1288 2185 1397 2248 essent,
1419 2174 1516 2256 potuit
1538 2185 1568 2236 et

210 2285 330 2338 senatus
356 2275 491 2356 privigno
519 2275 705 2356 imperatoris
734 2277 926 2339 nihilominus
954 2295 1022 2338 cum
1052 2277 1196 2338 honorem
1225 2277 1337 2340 deferre
1366 2287 1396 2340 et
1417 2278 1568 2358 Augustus

211 2380 394 2460 triumphum
418 2379 535 2458 quidem
559 2399 707 2454 recusare,
730 2381 894 2443 orationem
917 2380 1088 2461 permittere
1112 2383 1160 2457 (cf.
1183 2380 1356 2444 Stootsreclrt
1380 2384 1407 2457 1,
1430 2404 1459 2464 p.
1484 2383 1568 2452 127).

212 2481 253 2542 Eo
288 2491 420 2562 tempore
449 2482 577 2562 prolatos
605 2503 670 2545 esse
699 2485 772 2546 lines
802 2483 917 2564 imperii
946 2485 1069 2546 Romani
1099 2484 1133 2545 ad
1162 2484 1326 2547 Danuvium
1355 2486 1462 2548 diserte
1489 2487 1568 2566 quod

213 2586 302 2648 sciam
319 2604 406 2646 nemo
421 2594 570 2665 praeterea
586 2587 720 2662 tradidit3
742 2588 835 2650 immo
850 2588 903 2650 llio
918 2587 949 2648 in
965 2589 1097 2649 oratione
1111 2589 1236 2667 quadam
1254 2591 1318 2670 (50,
1334 2589 1387 2666 24)
1402 2591 1567 2670 Augustum

213 2689 343 2770 primum
366 2689 436 2751 dicit
457 2689 492 2750 ad
509 2690 672 2753 Danuvium
695 2694 852 2754 accessisse
875 2691 1058 2772 expeditione
1079 2691 1248 2754 Pannonica
1270 2711 1296 2753 a.
1313 2692 1385 2766 720,
1410 2693 1569 2754 Suetonius
1664 2714 1679 2742 ⁴

213 2803 312 2855 autern
337 2793 412 2870 (Tib.
431 2793 482 2869 16)
506 2793 540 2854 ad
564 2795 672 2856 bellum
688 2795 890 2858 Pannonicum
913 2815 938 2858 a.
962 2797 1023 2858 759
1040 2816 1083 2876 sq.
1106 2798 1196 2856 refert
1211 2807 1298 2859 totum
1313 2795 1473 2876 Illyricum,
1496 2798 1571 2878 quood

214 2901 289 2959 imer
311 2896 427 2958 ltaliam
448 2915 621 2980 regnumque
637 2900 771 2962 Noricum
793 2911 819 2962 et
837 2899 986 2962 flzroct'om
1007 2911 1034 2962 et
1053 2899 1248 2961 Macedonium
1262 2904 1391 2981 utumque
1407 2900 1570 2963 Decumum

214 3001 323 3080 [lumen
351 3012 377 3062 et
403 3004 499 3062 sinum
520 3006 611 3064 morte
632 3001 793 3066 llodm'ota'ca'
812 3015 905 3084 potet,
929 3005 1122 3083 perdomitum
1150 3013 1176 3064 et
1201 3007 1232 3065 fn
1255 3005 1392 3066 dimotum
1413 3005 1570 3067 redactum.

214 3104 412 3167 Nihilominus
445 3125 512 3168 cum
547 3106 667 3169 alterius
701 3106 768 3169 belli
795 3106 957 3168 Pannonici
983 3107 1134 3186 Augustus
1167 3106 1348 3169 mentionem
1382 3127 1442 3170 non
1476 3109 1571 3182 faciat,

216 3209 372 3272 verisimile
400 3211 473 3272 fines
500 3211 616 3292 imperii
644 3211 708 3272 iure
731 3221 808 3272 certe
832 3220 894 3272 tum
918 3229 977 3272 non
1001 3229 1065 3272 esse
1090 3210 1227 3289 prolatos.
1265 3210 1402 3274 Ceterum
1424 3212 1571 3294 illyricum

215 3312 364 3395 quomodo
387 3314 442 3376 sub
464 3314 595 3393 Augusto
626 3315 764 3388 creverit,
792 3323 860 3394 post
887 3314 997 3375 bellum
1026 3312 1152 3375 alterum
1180 3314 1306 3377 divisum
1329 3337 1445 3397 quoque
1467 3317 1498 3378 in
1521 3335 1574 3378 su-

217 3416 316 3498 perius
345 3416 406 3478 sive
433 3416 605 3479 Dalmatiam
639 3426 669 3480 et
700 3417 823 3480 inferius
853 3417 914 3480 sive
943 3418 1140 3488 Pannoniam,
1171 3419 1292 3498 exposui
1325 3421 1355 3481 in
1386 3417 1573 3482 u.1.t.111

217 3541 245 3601 p.
262 3520 334 3581 279.
357 3521 429 3581 415.

318 3623 358 3686 lle
384 3624 468 3688 Dacis
495 3625 555 3688 sive
582 3624 663 3686 Getis
690 3645 765 3705 quae
794 3627 953 3688 traduntur
978 3626 1102 3706 Augusti
1132 3634 1226 3688 aetate
1255 3645 1314 3687 non
1338 3626 1431 3688 multa
1453 3635 1483 3688 et
1505 3645 1573 3705 per-

220 3728 343 3803 turbata,
372 3729 540 3810 diligentius
562 3729 783 3792 consideremus
806 3748 925 3791 necesse
947 3740 1002 3791 cst.
1046 3730 1200 3792 Burebistu
1216 3730 1294 3809 rcx¹)
1317 3728 1438 3810 sitisque
1460 3730 1576 3792 adiutor

219 3833 291 3895 deus
324 3832 492 3896 Itecaeneus
525 3834 669 3896 Dacorum
708 3834 857 3895 nationem
891 3837 1090 3896 reformarunt
1123 3843 1152 3896 et
1186 3834 1405 3895 constituerunt
1437 3833 1576 3894 extremis

218 3935 325 3998 liberae
354 3936 552 4018 reipublicae
576 3937 774 4018 temporibus3
802 3947 919 4018 tempus
942 3957 1009 3998 cum
1033 3957 1094 3998 non
1118 3937 1238 3998 deliniat
1259 3937 1391 3998 lustinus
1413 3937 1463 4016 qui
1486 3937 1521 3996 de
1544 3956 1576 3996 ea

219 4059 250 4100 re
277 4040 337 4119 egit
365 4051 487 4123 propter
509 4041 718 4103 Bastarnarum
747 4041 961 4121 expeditionem
985 4061 1011 4103 a.
1028 4061 1056 4102 u.
1073 4060 1097 4103 c.
1115 4041 1175 4102 575
1199 4042 1249 4120 (cl.
1267 4039 1366 4101 Livius
1389 4041 1439 4114 40,
1456 4041 1508 4116 57)
1533 4044 1578 4100 ‘im

219 4143 347 4205 eucessu’
371 4145 456 4226 (prol.
480 4145 535 4206 32:
565 4149 740 4225 originesque
763 4145 978 4207 Pannoniorum
1000 4156 1025 4206 et
1046 4149 1220 4207 incremento
1242 4144 1388 4205 Pacorum
1407 4163 1461 4226 per
1482 4143 1578 4205 Buro-

220 4247 314 4308 dosteo
336 4281 378 4290 —-
398 4249 570 4310 rotdodosten
592 4248 675 4308 codd.
698 4283 740 4292 κ
761 4253 886 4328 regem),
915 4267 974 4309 non
1003 4258 1081 4310 recte
1111 4249 1231 4309 dedniat
1251 4257 1354 4308 auctor
1374 4266 1478 4326 parum
1502 4247 1579 4308 fidus

220 4349 359 4411 Iordanes
383 4351 458 4424 (Get.
479 4353 526 4426 11,
549 4353 604 4413 67:
628 4361 763 4432 regnante
789 4350 883 4411 Gothis
905 4349 1052 4422 Batauum,
1077 4371 1131 4433 quo
1149 4362 1272 4431 tempore
1287 4350 1484 4413 Romanorum
1498 4348 1581 4429 Syllo

217 4457 324 4533 potitus
352 4466 392 4517 est
418 4455 638 4536 palummum),
676 4473 772 4516 veram
807 4463 931 4517 aetatem
966 4455 1076 4516 indicat
1109 4454 1214 4516 Strabo
1246 4455 1302 4528 16,
1323 4452 1356 4528 2,
1380 4453 1420 4515 39
1453 4473 1481 4534 p.
1504 4453 1579 4515 762:

324 4705 344 4766 ¹)
364 4705 401 4755 lle
420 4712 537 4770 tempore
555 4719 603 4768 quo
623 4702 690 4752 vixit
707 4701 840 4751 Burebistu
858 4717 921 4766 quaa
942 4701 966 4749 in
987 4700 1073 4766 priore
1092 4699 1206 4748 editione
1226 4698 1297 4763 posui
1318 4715 1365 4748 non
1386 4704 1464 4760 recto,
1489 4705 1514 4747 et
1533 4712 1579 4758 ego

223 4791 248 4841 ln
268 4791 376 4841 historia
391 4791 503 4842 Romana
522 4791 681 4840 emendaram
699 4795 726 4838 et
738 4788 875 4850 diligenter
888 4795 1011 4838 executus
1024 4793 1064 4837 est
1077 4784 1221 4851 Zippclius:
1240 4783 1281 4834 dio
1292 4784 1418 4834 adma'scde
1429 4783 1582 4848 Hmscltust

221 4878 249 4926 iu
266 4877 369 4943 Illyrica
387 4879 425 4928 dis
441 4879 491 4943 aul
510 4879 648 4941 Augustus
667 4874 782 4940 (Lipsiae
804 4875 878 4937 tete)
898 4891 920 4940 p.
940 4873 989 4924 211
1003 4889 1054 4938 seq.

1408 4956 1424 5009 9
