3796 5588
559 1676 611 1753 H.
643 1665 1032 1784 ΙΜΟΙᾸῘΠΜΕΝΤΠΜ
1058 1675 1475 1756 APOLLONIENSE.

437 1999 606 2081 Apolloniae
628 1999 660 2060 in
681 1998 788 2061 Pisidia
804 1998 844 2079 (r.
861 2018 889 2080 p.
906 2018 936 2060 rx
957 1999 1024 2062 adn.
1040 1999 1083 2078 3),
1106 1998 1193 2060 hodie
1208 1998 1363 2072 Olubudu,
1386 2017 1447 2060 non
1469 2009 1603 2080 repertae
1625 2008 1696 2061 sunt

338 2103 395 2165 nisi
417 2102 668 2183 interpretationis
690 2103 816 2164 Graecae
838 2101 997 2181 particulae
1020 2111 1049 2163 et
1079 2101 1251 2182 paginarum
1282 2102 1400 2182 quidem
1429 2111 1569 2183 quattuor
1596 2111 1695 2183 partes

338 2225 482 2280 summae,
505 2225 578 2286 quas
601 2205 786 2266 monumenti
809 2204 915 2284 integri
938 2205 1096 2267 secundam
1121 2204 1238 2267 tertiam
1267 2215 1401 2286 quartam
1431 2204 1564 2286 quintam
1592 2205 1694 2278 luisse,

337 2319 414 2371 totas
435 2307 618 2370 intercidisse
640 2308 760 2389 paginas
782 2307 907 2389 primam
931 2318 1042 2371 sextam
1067 2310 1223 2389 septimam
1245 2326 1313 2370 cum
1336 2309 1525 2371 intellexisset
1544 2307 1694 2379 Francius,

336 2411 521 2474 confirmarit
536 2412 644 2473 Graeca
665 2429 733 2491 pars
749 2411 934 2473 monumenti
950 2411 1095 2493 Ancyrani
1110 2419 1211 2492 postea
1227 2412 1349 2492 expleta.
1386 2411 1543 2474 Universae
1557 2410 1695 2491 reliquias

335 2515 557 2595 descripserunt
578 2512 717 2576 Arundell
740 2513 920 2591 (da'sccueaa'ce
941 2519 974 2576 in
988 2513 1055 2578 Asia
1077 2519 1181 2577 minor.
1226 2514 1351 2576 Londini
1368 2513 1450 2576 1834
1473 2514 1565 2576 roll
1587 2535 1615 2595 p.
1632 2513 1694 2575 426

335 2619 400 2680 coll.
415 2618 472 2678 rol.
489 2619 504 2677 1
522 2635 551 2697 p.
568 2616 652 2696 241),
677 2605 872 2697 Waddin‘gton
895 2619 971 2698 apud
988 2617 1143 2679 Lebasium
1160 2617 1248 2679 inser.
1265 2618 1321 2679 vol.
1338 2637 1370 2678 nr
1386 2637 1415 2678 n.
1434 2618 1525 2690 1194,
1548 2617 1695 2680 Gustatus

335 2721 509 2794 Hirschfeld,
532 2720 582 2800 qui
605 2719 678 2781 milri
700 2720 780 2783 dedit
801 2740 868 2782 cum
892 2721 1052 2802 descriptas
1075 2729 1138 2782 tum
1162 2721 1262 2782 charta
1284 2739 1445 2801 expressae,
1474 2720 1553 2781 unde
1584 2719 1692 2781 variam

334 2824 489 2886 lectionem
513 2823 591 2884 edidi
612 2823 642 2884 in
665 2822 868 2904 Ephemcridis
891 2823 1093 2905 epigraphicac
1108 2824 1164 2886 rol.
1181 2824 1272 2886 altero
1288 2823 1397 2904 (1875)
1413 2843 1441 2905 p.
1458 2823 1534 2899 4823
1558 2823 1692 2904 paginam

334 2927 451 2989 tertiam
474 2933 504 2988 et
525 2934 646 3005 quartae
668 2936 781 3006 partem
801 2927 889 2989 habet
904 2929 992 2989 etiam
1010 2925 1160 2989 Hamilton
1177 2927 1349 3004 (resecrclacs
1362 2931 1394 2989 ia
1409 2928 1477 2989 Asia
1491 2930 1586 2988 minor
1600 2925 1656 2987 rol.
1673 2924 1693 2985 2

334 3051 362 3111 p.
379 3031 438 3092 491
457 3049 487 3091 n.
503 3029 589 3108 455).
633 3028 781 3091 Tractavit
802 3031 966 3109 fragmenta
988 3029 1128 3092 Francius
1151 3038 1195 3092 ter
1217 3029 1464 3110 (Moautsdera'clrte
1489 3031 1539 3092 der
1560 3028 1693 3091 llcrla‘ner

333 3133 484 3194 Alrodcmie
506 3152 531 3194 a.
551 3131 632 3194 1839
654 3151 683 3212 p.
702 3132 761 3193 102
777 3151 821 3214 sq.
844 3141 875 3195 et
896 3133 926 3194 C.
942 3135 964 3194 1.
982 3134 1031 3197 Gr.
1054 3134 1110 3195 rol.
1127 3133 1146 3195 3
1163 3151 1191 3194 n.
1208 3133 1289 3196 3971
1314 3142 1344 3196 et
1365 3133 1396 3193 ia
1419 3132 1546 3195 editione
1568 3131 1692 3194 huiusce

334 3235 534 3308 monumenti,
562 3254 651 3315 quam
673 3253 741 3296 curn
765 3234 902 3316 Zumptio
925 3237 1053 3310 curarit,
1082 3257 1111 3317 p.
1129 3239 1183 3299 101
1206 3235 1273 3318 sq).
1320 3237 1457 3316 Singulae
1479 3235 1601 3317 paginae
1623 3253 1690 3296 cum

336 3339 467 3418 integrae
488 3340 617 3410 luerunt,
642 3337 793 3418 sexagenis
815 3339 933 3401 circiter
946 3339 1081 3402 rensibus
1104 3341 1230 3421 exempli
1245 3339 1347 3402 Graeci
1362 3339 1509 3422 Ancyrani
1530 3338 1693 3419 responde-

334 3439 404 3501 bant
430 3439 635 3520 habebantque
662 3440 743 3521 ipsae
770 3459 873 3503 versus
895 3461 983 3523 supra
1005 3443 1237 3523 quinquagenos.
1284 3442 1376 3504 Hodie
1399 3443 1455 3505 hoc
1477 3442 1591 3522 expleto
1613 3444 1692 3521 frag·

334 3551 501 3606 mentorum
518 3544 769 3624 Apolloniensium
793 3544 903 3606 utilitas
926 3545 1028 3625 exigua
1044 3557 1098 3609 est.
1136 3546 1305 3629 Respondet
1320 3556 1418 3608 autem
1435 3545 1553 3607 initium
1570 3544 1692 3625 paginae

333 3646 479 3708 secundae
501 3645 716 3726 Apolloniensis
737 3647 906 3728 Ancyranae
929 3647 958 3722 3,
981 3648 1035 3723 12;
1058 3649 1161 3711 tertiae
1181 3648 1398 3729 Apolloniensis
1419 3648 1588 3728 ancyranae
1611 3647 1640 3720 6,
1657 3647 1691 3721 5;

199 3748 215 3820 ’,
333 3759 455 3830 quartae
470 3749 685 3830 Apolloniensis
699 3752 868 3832 Ancyranae
891 3750 921 3824 8,
944 3752 1002 3828 17·,
1020 3751 1140 3832 quintae
1154 3750 1371 3833 Apolloniensis
1388 3751 1557 3832 Ancyranae
1575 3751 1624 3821 11,
1643 3751 1691 3810 tu.
