3798 5584
819 439 868 507 lv,
887 442 922 496 38
940 441 975 497 39
1528 444 1569 509 93

218 619 371 699 collegium
398 618 678 699 quindecimvirum,
706 619 817 682 scilicet
839 629 872 684 ut
893 620 929 683 iis
951 621 1151 703 praesiderent
1183 621 1241 682 duo
1269 620 1393 700 collegae
1421 624 1571 704 Augustus

218 732 248 785 et
275 723 410 805 Agrippa.
459 722 561 803 Neque
589 724 701 798 obstat,
730 724 808 802 quod
834 723 985 804 Augustus
1007 725 1127 805 quidem
1155 725 1233 788 inter
1258 726 1389 808 quinque
1417 728 1572 808 magistros

217 827 274 889 luit
296 828 467 908 primusque
489 846 602 903 eorum,
624 827 751 908 Agrippa
766 835 865 890 autem
882 847 918 889 xv
926 828 970 889 vir
985 837 1014 890 et
1025 828 1087 909 ipse
1103 833 1193 903 (certe
1207 849 1233 892 a.
1251 831 1312 892 738
1326 839 1400 894 teste
1414 829 1505 892 Dione
1522 831 1572 906 64,

220 931 275 1006 19;
300 935 337 992 cl.
361 930 465 995 titulus
488 932 652 994 Gnatbinus
674 931 706 994 C.
721 930 770 1004 lx,
794 931 869 994 262:
893 932 951 1010 [lt]
967 932 1118 1012 Aplnppoe
1140 931 1170 994 t.
1185 933 1220 1013 sd
1243 937 1320 1015 (αφ,
1344 936 1474 1014 rlroiro]
1498 953 1572 997 scer.

216 1035 380 1115 [α[α“αα6.])
408 1053 503 1114 neque
527 1043 625 1096 tanmn
646 1034 796 1115 magister3
819 1054 887 1098 nam
910 1035 1062 1115 collegium
1086 1043 1200 1098 utnon
1224 1037 1363 1100 omnibus
1385 1015 1598 1118 magistris¹ls

217 1138 258 1199 ita
286 1139 373 1200 etiam
400 1135 524 1218 collegae
547 1157 607 1200 non
631 1137 771 1218 magistro
799 1139 957 1202 editionem
980 1139 1119 1202 mandare
1141 1148 1264 1220 poterat.
1308 1141 1371 1203 Hoc
1392 1142 1455 1203 beri
1477 1150 1576 1223 potest

218 1251 249 1304 et
269 1241 313 1304 rei
334 1261 395 1305 non
417 1242 517 1305 minus
538 1243 676 1305 convenit
696 1260 784 1324 quam
813 1242 909 1306 verbis
938 1263 1027 1326 supra
1054 1243 1178 1306 laudatis
1208 1253 1328 1306 senatus
1355 1245 1491 1318 consulti,
1513 1246 1576 1308 ool-

218 1345 327 1426 legium
350 1344 513 1408 decrevisse
535 1355 570 1408 ut
590 1345 667 1408 ludis
690 1348 892 1428 praesiderent
913 1345 971 1408 duo
994 1345 1118 1426 collegae
1140 1347 1161 1408 ii
1183 1349 1234 1428 qni
1257 1347 1411 1411 tribunicia
1431 1357 1575 1430 potestate

218 1458 335 1524 essent3
361 1467 429 1510 nam
456 1448 564 1512 saeculi
592 1450 762 1512 reformatio
791 1459 851 1513 tarn
882 1469 949 1512 cum
978 1449 1069 1512 sacris
1091 1451 1289 1514 saecularibus
1310 1471 1399 1532 quam
1428 1471 1496 1516 cum
1519 1452 1576 1515 tri-

218 1553 335 1615 bunicia
362 1561 505 1634 potestate
535 1552 689 1615 coniuncta
716 1553 772 1615 suit
793 1555 947 1634 potuitque
969 1553 1245 1634 potentissimorum
1267 1555 1423 1618 hominum
1446 1556 1576 1620 delectus

217 1656 256 1719 ita
280 1655 411 1738 speciose
432 1655 530 1718 velari.
567 1656 663 1729 Quam
685 1657 723 1718 ob
744 1675 808 1718 rom
824 1667 855 1720 et
868 1657 978 1720 retinui
999 1659 1078 1738 quod
1100 1657 1170 1720 olim
1193 1658 1278 1739 posui
1297 1670 1327 1722 et
1341 1661 1420 1740 quod
1436 1661 1575 1740 collegam

218 1759 369 1840 Augustus
395 1760 452 1821 boc
481 1759 546 1821 loco
573 1757 732 1840 Agrippam
759 1760 898 1841 appellat,
927 1761 964 1823 ad
992 1780 1092 1824 curam
1116 1765 1210 1824 refero
1233 1762 1370 1826 ludorum
1394 1764 1576 1827 edendorum

218 1863 277 1944 ipsi
297 1873 328 1926 et
348 1863 492 1946 Agrippae
515 1862 714 1926 commissam.

283 2089 348 2132 nar.
364 2072 394 2146 4,
410 2091 437 2135 se
465 2073 469 2154 l
494 2069 640 2150 [Clonpnl
661 2070 732 2148 την]
761 2069 847 2132 ludos
875 2069 1039 2149 Mar[tsb]les
1062 2073 1183 2151 pelenus
1208 2073 1289 2152 secel,
1318 2074 1408 2153 qnlos]
1437 2075 1510 2154 plost
1537 2073 1576 2150 ald

408 2195 434 2236 ss
462 2183 579 2256 tempus
607 2173 761 2254 deincep[a]
786 2173 790 2256 Ι
816 2173 1057 2256 inspectantibus
1083 2175 1177 2254 mulis
1204 2221 1408 2237 .........
1438 2177 1577 2257 [semrom

463 2279 635 2358 compelles.
659 2279 696 2358 [§]

238 2375 602 2456 cn.12,1nta'Yrrorroc
627 2377 906 2466 τρισ(καιδέκατον
933 2383 1026 2461 [θέας
1041 2378 1162 2463 Ἄρεως
1191 2380 1332 2463 πρΙῶτας
1358 2379 1504 2467 inopom,
1538 2377 1577 2458 ἃς

366 2503 392 2548 aa
408 2504 435 2547 rs
461 2485 532 2568 μετ’
547 2483 694 2564 dlaetvolv
702 2479 829 2566 χ]ρόνον
840 2479 913 2568 ἑξῆς
925 2486 1006 2564 [τοῖς
1016 2479 1203 2568 planimetra
1214 2483 1379 2560 ἐνιαυτοῖς
1392 2488 1396 2570 Ι
1410 2485 1432 2550 6
1443 2533 1577 2549 .......

412 2609 437 2652 rs
466 2635 722 2652 .............
745 2608 806 2670 μοι
827 2579 977 2671 iniquom
999 2585 1032 2651 oi
1054 2582 1215 2667 ὕπα([τον].

222 2695 342 2757 Annum
368 2712 437 2756 cum
464 2693 627 2756 indicarent
652 2696 815 2773 fragmenta
839 2693 947 2755 Graeca
970 2691 1041 2767 752,
1069 2693 1216 2773 pertinere
1246 2703 1335 2775 caput
1361 2695 1397 2756 ad
1425 2694 1511 2756 ludos
1539 2695 1577 2757 ob

221 2798 324 2860 aedem
347 2797 430 2860 Marti
446 2796 539 2860 Ultori
560 2817 596 2860 eo
617 2816 694 2860 anno
717 2796 877 2860 dedicatam
900 2795 1053 2859 institutos
1075 2796 1134 2859 dixi
1155 2797 1186 2858 in
1209 2797 1336 2860 editione
1358 2797 1465 2879 priore,
1488 2798 1577 2879 idque

222 2900 361 2965 stabilivit
386 2900 472 2963 lectio
498 2901 621 2982 expleta.
666 2900 723 2964 Sed
745 2900 809 2982 ipsa
830 2899 917 2962 verba
939 2919 976 2962 ne
998 2918 1079 2962 nunc
1100 2900 1220 2981 quidem
1243 2909 1304 2962 tota
1326 2901 1577 2981 redintegrantem

222 3025 292 3068 nam
319 3013 388 3087 post
414 3006 622 3087 mmpumtidns
648 3009 732 3068 onais
760 3008 875 3081 (eorum
902 3003 982 3066 enim
1008 3003 1166 3067 verborum
1189 3003 1262 3086 lapis
1284 3005 1338 3067 etsi
1360 3005 1502 3066 hocloco
1524 3005 1577 3066 ad-

223 3109 345 3173 modum
368 3127 473 3172 exesus
494 3108 615 3188 vestigia
636 3127 697 3170 non
719 3108 806 3172 dubia
821 3113 929 3184 serrat)
945 3107 977 3170 in
992 3107 1113 3180 Latinis,
1135 3107 1166 3170 in
1183 3107 1300 3171 Graecis
1314 3117 1385 3182 rote
1399 3110 1578 3190 partiremur

221 3207 385 3286 ἐνιαυτοῖς
406 3212 495 3294 (qnae
516 3221 596 3274 recte
617 3211 735 3292 agnovit
756 3211 928 3293 Berglrius)‚
955 3220 1024 3274 ante
1047 3213 1178 3292 [omnent
1198 3212 1340 3285 cometes,
1372 3207 1522 3294 ἐπόησαν
1544 3207 1578 3273 οἱ

222 3311 346 3380 ὕπατοι
368 3315 571 3379 desiderantur
591 3315 623 3377 in
645 3314 757 3378 Latinis
778 3316 923 3378 clemente
938 3334 988 3376 vm
1004 3314 1049 3377 rel
1063 3333 1101 3389 nr,
1122 3314 1155 3376 in
1171 3314 1289 3378 Graecis
1303 3315 1376 3378 haec
1389 3311 1578 3376 intercedunt

222 3440 242 3480 a
260 3420 328 3500 (litt
344 3427 394 3499 xx)
417 3437 496 3493 nor,
519 3438 593 3500 quae
612 3418 677 3500 ipsa
698 3428 777 3481 certa
800 3419 880 3500 (nam
904 3438 941 3481 ne
964 3419 998 3482 de
1019 3440 1045 3480 n
1062 3418 1181 3500 quidem
1197 3428 1277 3482 recte
1290 3418 1482 3494 dubitabitur,
1503 3437 1576 3480 num

222 3523 250 3585 ei
278 3522 418 3586 substitui
447 3522 541 3604 possit
563 3525 599 3603 nr)
626 3522 774 3602 quomodo
797 3523 938 3604 explenda
960 3523 1035 3597 sint,
1064 3541 1169 3604 parum
1191 3523 1292 3602 liquet
1336 3523 1477 3603 Rerglrius
1499 3521 1577 3602 quod

222 3625 401 3708 interposuit
427 3637 605 3690 cesenam
632 3625 741 3688 decreto
770 3635 801 3688 et
827 3622 968 3709 δόγματι
995 3625 1051 3709 τῆς
1073 3621 1253 3709 curatrices
1275 3626 1377 3707 spatiis
1398 3635 1428 3689 ct
1450 3625 1577 3706 vestigiis

221 3748 326 3812 parurn
348 3738 450 3811 aptum
472 3739 527 3793 est.

323 3831 422 3896 Ludos
444 3832 589 3896 Mandalos
611 3832 742 3895 diversos
769 3851 834 3894 esse
863 3851 879 3894 a
908 3830 1089 3894 circensibus
1116 3831 1210 3894 eidem
1238 3831 1324 3893 Marti
1352 3831 1504 3894 celebratis
1532 3830 1578 3892 die

224 3935 291 3997 Maii
316 3935 354 3997 12
377 3946 407 3999 et
429 3936 524 4000 editos
546 3955 611 3999 esse
633 3937 662 3998 l.
676 3936 750 4016 Aug.
766 3934 882 3998 ostendi
903 3935 934 3997 in
950 3934 981 3996 C.
997 3935 1018 3996 1.
1035 3933 1067 3995 L.
1085 3934 1140 3996 rol.
1159 3935 1173 3994 1
1191 3954 1220 4016 p.
1236 3932 1308 4008 393,
1331 3933 1382 3995 ubi
1404 3933 1483 4006 videa
1506 3932 1578 3994 adde

224 4040 306 4102 Suet.
322 4038 458 4102 Claudi
480 4059 517 4101 ex
538 4039 662 4121 epistula
683 4039 808 4120 Augusti
836 4038 872 4100 de
894 4037 1014 4100 Claudio
1041 4057 1147 4120 puero:
1176 4056 1279 4100 errrore
1305 4056 1370 4098 enm
1398 4037 1472 4098 ludis
1497 4037 1579 4098 Mor-

222 4144 336 4206 tr'crlrbus
358 4143 512 4206 triclinium
530 4145 707 4206 mcerdotum
726 4161 785 4205 noa
806 4142 931 4222 displicet
949 4142 1039 4204 nobb.
1078 4141 1201 4202 dunnos
1221 4139 1312 4201 luisse
1331 4138 1499 4201 innotuerat
1520 4138 1578 4200 iam

223 4265 259 4307 ex
285 4245 376 4308 Dione
405 4246 461 4320 60,
490 4247 525 4321 53
553 4245 647 4308 editos
674 4263 738 4306 esse
766 4264 781 4306 a
808 4243 980 4332 consulibus
1008 4253 1159 4325 praeterea
1184 4243 1238 4305 llio
1268 4243 1411 4323 significat
1440 4243 1503 4320 (66,
1525 4242 1578 4320 46)

223 4351 354 4411 reserens
376 4349 527 4411 decretum
550 4367 615 4410 esse
636 4348 769 4429 Augusto
787 4348 943 4436 defuncto,
977 4342 1069 4420 ὅπως
1102 4345 1144 4408 τὰ
1172 4347 1305 4426 γενέσια
1334 4343 1367 4408 oi
1388 4340 1512 4409 ὕπατοι
1545 4339 1581 4416 ἐξ

223 4455 299 4517 ἴσον
320 4461 391 4526 τοϊς
408 4447 549 4536 Ἀρείοις
569 4440 839 4531 ἆγονοθετῶστν.

323 4629 344 4693 ¹)
363 4627 435 4694 Quod
453 4627 597 4679 ostendii·
617 4625 730 4678 editione
748 4624 835 4690 priore
854 4622 963 4687 collegio
982 4622 1007 4673 ei
1025 4639 1073 4672 non
1091 4621 1229 4685 magistros
1241 4622 1357 4686 singulos
1368 4619 1519 4689 praefuisse,
1536 4620 1581 4671 sed

223 4716 340 4784 mamilio
366 4715 446 4766 xviri
473 4721 563 4778 erant,
591 4713 678 4778 binos,
702 4711 810 4762 xvriris
833 4707 910 4761 lactis
933 4710 1040 4776 quinos,
1063 4715 1153 4760 contre
1176 4708 1321 4775 opinionem
1344 4725 1374 4760 eo
1401 4715 1514 4776 tempore
1541 4707 1577 4759 ita

224 4809 366 4870 receptam,
388 4807 417 4852 ut
439 4800 464 4850 ei
487 4799 619 4851 conmorit
639 4801 714 4850 rerba
733 4797 818 4850 Taciti
841 4814 899 4849 ann.
913 4797 943 4865 6,
962 4797 994 4847 12
1012 4803 1149 4864 propterea
1165 4801 1263 4846 mutue
1280 4794 1334 4846 riri
1352 4794 1421 4845 docti
1439 4810 1487 4844 non
1506 4793 1579 4844 dobi-

223 4895 320 4953 tarent,
337 4888 386 4938 ian
405 4887 484 4938 verbo
501 4901 643 4938 memorare
662 4885 771 4962 sullicitj
788 4885 891 4938 interim
909 4884 975 4936 onim
993 4883 1042 4935 illc
1059 4883 1170 4950 opinatio
1188 4882 1215 4934 in
1232 4882 1327 4933 lostam
1340 4880 1494 4932 oblivionem
1506 4879 1578 4932 abiit.
