3798 5584
784 427 817 496 V,
836 429 940 486 24-31
1478 430 1539 495 113

189 614 344 676 bononem
369 613 444 692 repis
464 610 633 674 Artavasdis
654 608 765 690 filiam,
791 611 865 690 repis
886 607 1092 672 Ariobarzanis
1112 615 1249 686 nepotem.
1294 607 1459 672 Potuerunt
1481 607 1540 670 uti-

187 733 244 796 quo
270 713 347 776 bladi
373 712 507 776 factionis
529 713 691 786 Romanae,
718 711 830 774 scilicet
860 710 966 774 intensi
987 709 1103 774 Parthis
1126 728 1287 791 eorumque
1309 710 1408 773 clienti
1429 711 1539 786 boteri,

186 827 272 880 antea
304 826 422 880 mortuo
452 835 521 896 rego
547 814 678 896 legitimo
705 814 877 890 Artavasde,
904 813 1055 896 quemad
1081 815 1249 892 Augustum
1276 812 1402 876 vidimus
1435 817 1541 877 cuntu-

188 921 265 1001 gisse
291 930 322 983 et
342 920 452 982 Romae
473 918 551 981 dem
574 917 690 992 obiisse,
712 917 807 981 lilium
829 917 892 981 eius
914 918 1024 1000 pariter
1044 918 1154 979 Romae
1175 916 1329 997 degentem
1350 916 1386 980 ab
1408 917 1540 997 Augusto

187 1031 339 1106 expetere3
361 1041 428 1086 vere
450 1032 549 1085 tamen
571 1041 639 1084 eum
662 1039 753 1103 regno
774 1030 896 1104 patemo
911 1022 1039 1104 potitum
1054 1039 1119 1084 csse
1133 1039 1186 1102 per
1201 1019 1415 1103 expeditionem
1430 1021 1540 1084 Roma-

186 1147 293 1190 norum
316 1126 517 1189 Armeniacum
540 1143 566 1186 a.
583 1124 644 1186 731
666 1124 814 1206 probabile
837 1135 890 1190 est.

286 1227 345 1292 Nec
368 1229 492 1310 Tiprooi,
515 1227 632 1291 Tacitus
654 1227 695 1292 ait
716 1229 797 1310 (ann.
813 1229 842 1306 2,
858 1231 901 1310 3),
924 1233 1095 1294 discursum
1107 1232 1257 1311 imperium
1271 1229 1330 1309 fuit
1343 1247 1433 1310 oeque
1447 1229 1542 1292 liberis

187 1339 262 1408 eisss,
285 1351 456 1416 quampiam
477 1333 589 1394 sociatis
610 1349 690 1394 more
711 1343 829 1396 emaus
848 1338 880 1397 e'o
900 1337 1115 1397 matrimonium
1136 1351 1320 1415 repetamque.
1358 1332 1455 1395 liberi
1477 1333 1540 1396 sine

186 1439 276 1502 dubio
298 1437 319 1500 ii
341 1444 412 1500 sunt
433 1453 560 1516 quorum
582 1443 683 1498 extant
702 1436 819 1499 nummi
838 1437 972 1520 inscripti
986 1437 1023 1500 ab
1038 1457 1096 1500 una
1110 1446 1193 1519 parte
1206 1433 1363 1518 βασιλεὺς
1377 1434 1541 1519 βασιλέων

191 1539 374 1625 Τιγράνης,
406 1539 443 1602 ab
464 1538 554 1604 mers
571 1533 695 1620 Ἐρατώ
718 1538 883 1621 βασιλέως
908 1536 1073 1624 Τιγράνου
1094 1536 1222 1625 αδελφή
1230 1539 1264 1622 ¹).
1308 1539 1366 1602 Eos
1388 1539 1540 1603 institutos

185 1666 250 1710 esse
270 1665 286 1708 a
306 1643 432 1708 lectione
446 1642 580 1705 Parthica
600 1641 744 1722 significat
757 1641 810 1705 llio
826 1643 889 1723 (55,
903 1643 923 1706 9
943 1664 1011 1708 cum
1025 1645 1229 1726 supplemento
1244 1652 1364 1725 sumpto
1378 1664 1414 1707 en
1430 1644 1540 1707 Zonara

188 1751 236 1824 10,
253 1748 321 1828 3b):
348 1745 406 1830 τήν
428 1741 600 1829 ’Λρμονίον
626 1741 902 1832 άλλοτριουγιένην
928 1746 1011 1830 μετά
1031 1748 1090 1812 τὸν
1110 1749 1168 1811 τοῦ
1194 1745 1358 1830 Τιγράνου
1380 1745 1539 1813 θάνατον.

185 1854 209 1916 Α
237 1851 365 1916 factione
392 1851 522 1912 Romana
551 1849 587 1913 iis
613 1849 783 1931 oppositum
813 1869 878 1913 esse
908 1850 1097 1914 Armuasdem
1123 1852 1241 1914 Tacitus
1263 1851 1282 1913 l.
1298 1870 1323 1914 c.
1345 1851 1402 1926 ait,
1430 1852 1540 1915 addens

186 1975 254 2020 eum
284 1956 321 2018 ab
343 1955 475 2036 Augusto
503 1973 623 2035 regnare
649 1952 764 2016 iussum
794 1953 940 2018 deiectum
967 1973 1031 2018 esse
1053 1973 1113 2018 non
1134 1955 1197 2018 sine
1219 1955 1299 2018 clade
1321 1955 1540 2032 Romanomm3

185 2081 274 2144 quam
297 2060 335 2122 ob
357 2077 475 2122 causam
491 2058 641 2139 Augustus
662 2056 693 2120 in
716 2056 812 2120 indice
834 2077 901 2122 eum
924 2059 1083 2140 praeteriit
1114 2057 1214 2122 Genus
1236 2057 1300 2120 eius
1322 2077 1391 2121 cum
1405 2067 1540 2121 auctores

184 2183 244 2228 non
272 2160 479 2245 significent’)‚
507 2180 567 2223 non
590 2161 653 2223 sine
673 2160 876 2242 probabilitate
898 2161 994 2243 aliqua
1016 2163 1140 2226 coniecit
1160 2162 1353 2246 Nipperdeius
1375 2161 1425 2243 (ad
1448 2162 1540 2226 Taciti

184 2287 253 2332 ann.
271 2268 301 2342 2,
313 2267 346 2344 3)
368 2271 489 2329 tratrem
513 2284 583 2328 eum
605 2265 696 2328 luisse
709 2265 826 2329 bolanis
848 2276 879 2329 et
893 2266 1026 2348 Tigranis
1048 2268 1175 2330 liliorum
1198 2268 1375 2342 Artavasdis,
1397 2267 1539 2349 quoniam

184 2371 311 2445 Iliob1,
336 2371 374 2433 16
402 2368 505 2432 scribit
529 2369 695 2449 Augustum
724 2388 750 2433 a.
775 2369 837 2432 724
867 2371 966 2434 Artaxi
998 2373 1111 2454 petenti
1144 2375 1251 2436 iratres
1277 2390 1337 2434 non
1367 2371 1538 2437 reddidisse.

184 2476 226 2539 lta
250 2493 319 2538 cum
341 2471 479 2536 Armenia
502 2491 518 2534 a
540 2472 680 2536 Romanis
703 2473 882 2550 descivisset,
904 2474 1055 2556 Augustus
1077 2495 1102 2539 a.
1127 2475 1189 2538 748
1205 2475 1356 2538 Tiberium
1378 2476 1540 2559 expeditio·

183 2597 251 2642 nem
274 2597 310 2641 eo
332 2577 481 2660 suscipere
504 2575 598 2652 iussit,
622 2577 672 2639 sod
695 2576 722 2640 is
744 2597 780 2640 eo
801 2579 844 2640 ire
865 2578 962 2642 noluit
983 2588 1013 2641 et
1033 2598 1134 2644 rerum
1155 2578 1441 2643 administrationem
1456 2581 1540 2644 dese-

183 2701 251 2746 rens
274 2682 377 2745 unbem
400 2680 518 2762 reliquit
538 2680 678 2762 (Velleius
693 2680 722 2756 2,
741 2683 817 2744 116;
839 2687 924 2746 seusei
945 2694 1094 2748 terrorem
1115 2683 1192 2746 orbis
1213 2683 1364 2746 decessum
1379 2703 1398 2746 o
1412 2686 1541 2748 custodio

183 2788 330 2850 Neronem
351 2787 449 2861 orbim
469 2805 539 2848 mom
560 2791 588 2848 et
610 2785 732 2848 Portbus
754 2787 905 2850 ἀιιουοιιιι
927 2807 946 2849 o
967 2790 1095 2853 seducte
1117 2786 1250 2850 liomooo
1271 2787 1372 2851 odiecit
1393 2787 1541 2851 Διονυσίου

182 2911 302 2956 ιιιοιιιιιιι
323 2901 395 2967 οο1.;
421 2890 475 2953 llio
498 2892 584 2965 omo
606 2908 674 2954 cum
697 2891 809 2953 Tenem
833 2891 882 2966 10,
905 2891 969 2971 35).
1012 2891 1056 2954 lta
1077 2894 1187 2953 iactum
1210 2899 1270 2964 ost,
1299 2898 1334 2951 ut
1355 2908 1409 2970 per
1429 2891 1541 2971 aliquot

182 3015 276 3059 annos
299 2994 400 3056 Parthi
423 2995 454 3056 in
469 2994 608 3057 Armenia
631 2995 862 3058 dominarentur.
899 2993 932 3054 Α.
957 2995 1017 3058 751
1041 2994 1087 3056 vel
1109 2994 1171 3056 752
1194 3001 1269 3056 teste
1290 2992 1382 3055 Ilione
1392 2993 1417 3074 ³)
1438 2993 1539 3074 bugu·

182 3111 246 3163 stus
274 3098 380 3161 litteris
409 3117 425 3160 a
447 3096 607 3161 Phraatace
633 3116 702 3178 rege
722 3096 900 3158 Parthorum
924 3095 979 3159 sibi
1007 3097 1105 3160 missis
1132 3095 1230 3159 hostili
1251 3094 1356 3178 spiritu
1380 3096 1539 3179 rescripsit,

185 3203 289 3266 iubens
311 3221 379 3264 cum
402 3201 540 3265 Armenia
562 3201 709 3264 excedere.
739 3199 889 3279 Tigranes,
912 3207 1015 3262 auctor
1035 3200 1140 3284 pergit,
1165 3209 1229 3263 tum
1244 3199 1364 3282 quidem
1380 3202 1489 3282 legatos
1503 3201 1540 3264 ad

182 3307 348 3388 Augustum
364 3305 460 3369 nullm
476 3305 566 3380 misit,
589 3305 641 3368 sed
656 3322 725 3367 mon
739 3303 897 3366 movaooe
919 3303 968 3384 (eo
983 3303 1101 3381 scilicet,
1125 3323 1213 3386 quem
1230 3303 1376 3368 deiectum
1392 3323 1408 3368 a
1423 3304 1539 3368 Parthis

49 3439 51 3444 ·
183 3409 301 3473 Tacitus
332 3408 386 3489 ait)
417 3409 521 3471 morbo
551 3409 708 3491 absumpto
735 3426 787 3489 per
812 3406 924 3490 litteras
946 3406 1045 3488 petiit,
1076 3418 1110 3472 ut
1131 3408 1167 3470 ab
1190 3427 1224 3470 eo
1246 3426 1372 3488 regnum
1393 3407 1450 3472 sibi
1471 3426 1540 3489 por-

183 3513 365 3587 mitteretur,
392 3530 466 3593 quas
492 3511 604 3574 litteras
625 3511 776 3592 dupumus
804 3509 929 3573 bbenter
951 3511 1062 3592 accepit
1083 3531 1211 3592 eumque
1232 3511 1320 3574 iussit
1341 3511 1418 3574 bono
1441 3511 1539 3574 animo

183 3617 288 3680 Gaium
308 3625 376 3698 post
397 3615 461 3678 eius
483 3615 642 3679 adveutum
664 3615 694 3676 in
711 3613 795 3695 Syria
817 3613 897 3676 adire
919 3609 953 3694 (o‘
975 3611 1013 3678 δὲ
1035 3612 1076 3698 δὴ
1103 3611 1267 3698 Τιγράνης
1290 3609 1392 3689 εὐθὺς
1406 3613 1467 3697 μὲν
1482 3610 1540 3679 οὐκ

182 3716 445 3803 ἐπρεσβεύσατο,
467 3718 526 3781 τοῦ
549 3718 587 3781 δὲ
604 3713 805 3800 Ἀρταβάζου
832 3714 918 3803 νόσῳ
949 3711 1086 3800 ὕστερον
1111 3715 1363 3800 τελευτήσαντος
1388 3715 1480 3800 δῶρά
1505 3741 1540 3783 rs

181 3825 226 3908 τῷ
253 3818 433 3906 Αὐγούστῳ
460 3817 502 3896 ὥς
531 3820 587 3886 καὶ
613 3820 672 3886 τοῦ
701 3816 885 3886 ἀντιπάλου
913 3813 1159 3906 άπιξῃρημένου
1186 3817 1220 3885 oi
1247 3818 1395 3906 ἔπεμψε,
1422 3822 1459 3886 ab
1482 3823 1540 3888 soii

282 4010 303 4078 ¹)
322 4009 444 4076 Leoplois
466 4025 535 4060 num.
554 4009 584 4062 de
601 4008 746 4062 l'Armeoie
762 4025 787 4076 p.
800 4007 841 4060 39.
877 4007 904 4060 ln
929 4023 1027 4060 nummo
1045 4008 1244 4062 Pinkertonisoo
1263 4008 1357 4061 ibidem
1375 4009 1466 4074 citato,
1483 4017 1541 4075 post

181 4097 374 4150 Piolcrtooium
390 4104 475 4147 sutem
493 4096 574 4148 adbuc
592 4097 686 4149 semini
705 4096 795 4164 opinor
813 4094 869 4148 viso
888 4096 954 4162 qood
973 4111 1030 4148 esse
1048 4097 1145 4148 dicitnr
1168 4090 1290 4163 βασιλεὺς
1312 4096 1400 4164 μέγας
1417 4097 1476 4154 νέος
1497 4099 1540 4148 Τι-

181 4177 282 4253 γράνης
297 4191 327 4234 ut
344 4198 431 4234 vorum
452 4198 510 4235 esse
528 4191 621 4250 potest,
639 4183 675 4234 ita
691 4183 778 4254 μέγας
794 4183 855 4242 νέος
869 4183 935 4236 mole
954 4183 1047 4236 lectum
1066 4199 1123 4236 assa
1142 4199 1187 4252 pro
1205 4183 1346 4249 βασιλέων.

282 4271 301 4336 ¹)
320 4270 431 4321 Duorum
449 4285 536 4336 repom
555 4268 687 4320 bladorum
706 4270 761 4321 eius
780 4271 898 4336 nominis,
917 4286 1022 4338 quorum
1035 4270 1166 4335 Augustus
1183 4269 1306 4334 meminit,
1323 4277 1413 4322 neuter
1430 4285 1476 4338 pro
1492 4270 1541 4323 boc

180 4356 318 4409 Armeniae
341 4369 401 4419 rege
423 4355 512 4407 baberi
535 4363 633 4422 potcst;
657 4341 713 4408 mm
734 4371 810 4410 soum
835 4365 1022 4425 praemortuum
1044 4371 1102 4411 esse
1119 4372 1196 4423 sopra
1214 4357 1338 4422 vidimus,
1360 4372 1438 4424 nepos
1456 4364 1540 4409 aotam

181 4455 326 4509 quamquam
344 4449 433 4507 postes
451 4441 478 4492 io
496 4442 617 4494 Armenia
635 4443 763 4508 regnavit,
781 4451 834 4496 tum
852 4444 875 4496 sl
894 4444 969 4496 adid
987 4459 1092 4509 regnum
1104 4451 1213 4498 vontus
1226 4450 1302 4509 esset,
1314 4443 1394 4496 Gsius
1412 4445 1471 4512 ipsi,
1490 4461 1540 4496 ooo

181 4528 247 4596 patri
265 4527 320 4580 eius
340 4526 511 4580 Ariobarosui
528 4527 666 4582 Armeniae
684 4545 789 4595 reprom
807 4531 965 4584 tradidisset

281 4614 302 4682 ¹)
321 4613 452 4678 [teguntur
475 4617 536 4668 baec
559 4617 585 4668 in
609 4613 750 4680 fragmento
775 4618 806 4670 de
832 4619 882 4682 les.
901 4619 933 4670 ³9
958 4617 1032 4686 (apud
1050 4617 1190 4670 bellarum
1208 4618 1223 4669 2
1241 4633 1264 4684 p.
1282 4617 1314 4670 83
1332 4617 1358 4668 iu
1377 4624 1451 4681 nota,
1475 4618 1540 4684 apud

181 4701 339 4753 Diodorliom
357 4702 409 4753 vol.
423 4701 438 4752 5
450 4717 474 4770 p.
487 4703 562 4770 237),
585 4704 630 4755 ubi
647 4704 803 4771 praecedunt
820 4711 940 4772 excerpta
961 4719 993 4756 ox
1011 4705 1058 4770 55,
1070 4707 1100 4770 b,
1117 4711 1257 4772 sequuntur
1275 4703 1431 4772 pertinentis
1449 4704 1481 4756 ed
1498 4705 1540 4769 61,

181 4788 206 4852 2,
218 4794 322 4856 psopter
341 4786 420 4840 verbs
438 4803 453 4840 a
471 4789 560 4856 ouibus
579 4791 682 4857 incipit:
704 4787 742 4848 oie
759 4784 896 4844 ἐπύθοντο
920 4789 946 4842 ol
967 4785 1102 4858 βάρβαροι
1119 4785 1166 4854 τὴν
1185 4789 1375 4861 ἐπιστρατείαν
1391 4788 1440 4842 τοῦ
1460 4792 1541 4842 Ιὶιίου

181 4874 358 4927 collocandum
375 4877 446 4928 inter
464 4875 588 4943 reliquias
607 4885 750 4946 spectantes
769 4876 799 4930 ad
818 4892 842 4929 a.
855 4877 902 4928 'lbl
922 4878 964 4929 vel
982 4877 1041 4930 762.
