3812 5580
796 348 844 416 vr,
867 351 968 405 rs-ra
1522 357 1581 420 151

332 530 444 592 Lauros
466 538 622 610 perpetuas
644 528 774 592 decretas
796 549 860 592 esse
875 530 1007 610 Augusto
1033 538 1136 614 utpote
1159 549 1274 612 semper
1294 532 1396 595 victori
1416 532 1480 596 sine
1495 534 1584 597 dubio

232 642 310 696 recte
338 633 392 696 Dio
427 633 561 706 tradidit,
595 635 719 694 tortasse
749 634 784 694 ad
814 635 911 714 ipsum
941 642 1060 696 senatus
1089 635 1258 697 consultum
1287 636 1323 698 de
1351 657 1384 698 ea
1410 656 1442 700 re
1464 641 1584 712 lactum,

232 757 326 817 neque
353 738 436 799 aliter
458 735 579 798 Ovidius
601 733 723 810 101613,
749 738 775 810 1,
800 738 837 797 41
863 746 930 818 0061
951 738 1080 817 quaesita
1103 757 1190 818 supra
1212 738 1307 820 posita
1328 741 1434 820 pergit:
1457 762 1496 803 au
1519 747 1584 822 quie

228 852 379 921 perpetuos
400 843 503 902 meruit
524 841 623 902 domus
644 844 698 902 iste
720 838 899 922 triumphos?
922 860 1099 922 quamquam
1122 850 1155 902 ut
1170 842 1243 904 solet
1257 841 1311 903 alia
1326 842 1446 906 subicit:
1462 864 1501 906 on
1516 851 1584 926 quia

232 943 369 1006 leucadio
394 962 504 1024 semper
536 955 634 1006 amata
659 944 709 1005 deo
737 941 798 1006 est?
830 948 928 1024 ipsene
954 945 1028 1026 quood
1054 947 1128 1024 festa
1154 957 1194 1007 est
1222 964 1261 1007 are
1287 947 1361 1028 quod
1386 949 1457 1026 facit
1487 953 1584 1010 omnio

229 1045 326 1127 festa?
358 1067 443 1129 00001
469 1048 570 1110 tribuit
597 1052 681 1110 terris
705 1050 785 1128 pacis
807 1067 846 1108 eu
867 1050 922 1108 ista
943 1058 1010 1110 uota
1031 1044 1094 1110 est?
1116 1083 1159 1092 -
1181 1047 1311 1110 Coronae
1333 1057 1432 1111 autem
1455 1069 1583 1130 quernae

230 1151 426 1212 decernendae
448 1169 567 1212 causam
589 1151 640 1230 qui
663 1149 780 1232 scripsit
802 1152 892 1212 fastos
907 1149 1112 1212 Praenestinos
1134 1151 1169 1212 ad
1189 1151 1304 1213 16013
1328 1152 1354 1214 si
1375 1153 1494 1232 quidem
1516 1173 1583 1215 vere

230 1254 403 1334 significarit
431 1254 522 1316 luisse
549 1253 766 1334 provinciarum
796 1253 1030 1326 restitutionem,
1067 1254 1165 1316 minus
1195 1255 1312 1336 proprie
1335 1275 1397 1317 rem
1420 1257 1581 1338 explicavit.

229 1357 301 1418 Nam
329 1377 390 1419 nou
419 1357 514 1419 solum
537 1357 606 1431 Dio,
637 1357 687 1419 sed
715 1355 778 1437 ipsa
805 1357 892 1418 verba
918 1356 954 1418 ad
981 1376 1120 1419 coronam
1148 1359 1293 1439 adscripta
1323 1359 1490 1438 significant
1517 1380 1580 1422 eam

229 1461 360 1540 Augusto
390 1460 536 1522 decretam
565 1479 629 1522 esse
657 1462 690 1523 ob
713 1464 779 1523 ciere
806 1471 948 1534 servatos,
981 1479 1056 1540 quae
1084 1469 1130 1522 est
1157 1481 1281 1524 coronae
1309 1461 1372 1525 cius
1401 1465 1583 1526 vetustates

229 1564 410 1644 (llarquardt
431 1563 702 1644 Steatsoenealtuup
725 1563 754 1638 2,
777 1563 863 1644 557),
886 1563 973 1642 idque
993 1563 1091 1643 ipsum
1107 1562 1281 1643 significavit
1296 1567 1422 1630 Graecus
1437 1567 1582 1647 interpres

227 1677 344 1729 vertens
370 1666 428 1730 τὸν
454 1663 589 1751 δρύϊνον
617 1670 781 1750 στέφανον
808 1665 865 1728 ro'v
891 1663 1068 1748 διδόμενον
1094 1657 1151 1728 int
1181 1670 1326 1751 σωτηρίᾳ
1351 1670 1415 1732 cciv
1437 1668 1584 1734 πολιτῶν

228 1774 276 1845 (ct.
295 1770 407 1832 Plinius
423 1771 452 1831 b.
468 1789 498 1832 0.
517 1771 565 1844 16,
585 1771 614 1844 4,
637 1770 671 1832 8:
700 1770 841 1852 Auprotus
863 1789 997 1832 emonam
1019 1772 1136 1832 civicam
1158 1791 1177 1832 a
1196 1791 1297 1852 ponere
1319 1772 1443 1837 humano
1465 1779 1582 1856 accepim

228 1874 338 1936 Seneca
359 1874 395 1936 de
417 1874 501 1936 clem.
520 1876 547 1949 1,
570 1873 621 1948 26,
638 1874 680 1952 5).
710 1873 825 1936 Scilicet
847 1873 956 1934 decreti
971 1882 1042 1934 sunt
1056 1873 1183 1935 bonores
1199 1873 1238 1948 bi,
1260 1884 1417 1956 postquam
1432 1877 1582 1957 Augustus

226 1977 256 2038 10
279 1986 383 2040 600610
405 1978 541 2058 exposuit
563 1977 592 2040 id
614 1978 712 2058 ipsum
735 1977 813 2056 quod
837 1995 924 2057 supra
949 1979 991 2051 11,
1009 1976 1062 2056 14)
1085 1976 1127 2038 610
1148 1996 1201 2057 000
1222 1979 1430 2060 compendium
1450 1980 1581 2043 rettulit:

226 2101 309 2145 arma
332 2093 412 2144 terra
433 2087 511 2144 mori
530 2092 556 2143 et
576 2085 690 2144 iuterna
711 2091 885 2162 catervaeque
907 2090 963 2142 toto
983 2084 1014 2141 io
1037 2081 1104 2143 orde
1125 2092 1270 2143 terrerum
1292 2101 1320 2145 se
1342 2087 1507 2146 sustinuisse
1522 2087 1582 2146 eic-

226 2196 368 2266 roremque
392 2185 524 2248 omuibus
545 2186 739 2265 superstitibus
762 2186 867 2248 ciuibus
886 2188 1051 2265 pepercisse.
1095 2183 1137 2245 Eo
1160 2203 1238 2258 sanc,
1262 2184 1341 2264 quod
1363 2187 1451 2247 vitam
1474 2185 1581 2248 civium

225 2290 374 2368 Augustus
396 2308 455 2350 non
479 2287 589 2368 proelio
612 2288 746 2363 servarit,
768 2289 819 2350 sed
841 2296 909 2370 post
930 2287 1082 2349 victoriam
1105 2287 1273 2361 clementia,
1297 2287 1333 2350 ab
1355 2291 1475 2368 antiqua
1498 2309 1581 2351 seve-

225 2393 310 2454 ritate
331 2394 379 2455 bic
401 2403 519 2455 senatus
541 2377 677 2467 recessit,
699 2411 759 2454 uon
782 2392 897 2472 longius
920 2401 1019 2452 tamen
1040 2410 1129 2471 quam
1152 2391 1221 2453 lecit
1243 2391 1275 2452 L.
1292 2392 1401 2454 Gellius
1420 2412 1488 2455 cum
1510 2393 1583 2455 dixit

224 2497 255 2557 in
283 2507 385 2558 senatu
414 2515 552 2558 coronam
580 2494 700 2557 civicam
724 2495 857 2557 Ciceroni
884 2495 983 2556 deberi
1014 2494 1051 2555 ob
1074 2494 1163 2556 vitam
1186 2495 1293 2556 civium
1315 2496 1496 2576 providentia
1518 2497 1582 2558 eius

224 2601 331 2663 salvam
348 2601 460 2671 (Cicero
482 2601 513 2662 in
535 2599 593 2662 Pis.
617 2600 645 2674 3,
662 2601 699 2673 6;
721 2599 830 2661 Gellius
853 2599 928 2672 5,6,
947 2597 1008 2677 15).
1045 2597 1146 2677 Neque
1169 2596 1205 2658 dc
1220 2617 1254 2658 06
1276 2616 1307 2658 00
1331 2618 1472 2680 umquam
1495 2599 1582 2662 dubi-

226 2714 319 2766 tatum
349 2713 404 2766 est.
449 2704 506 2767 Sed
536 2703 660 2766 coniecit
687 2702 863 2782 Borghesius
892 2701 973 2782 (opp.
990 2700 1018 2774 2,
1043 2701 1117 2780 110)
1140 2700 1335 2781 adstipulante
1357 2721 1452 2783 nuper
1474 2703 1581 2767 Salleto

223 2817 325 2870 nostro
353 2809 525 2888 (Zeiteclrift
550 2810 603 2887 sier
631 2806 862 2868 Numisuratilctl
889 2825 918 2886 p.
937 2804 1010 2882 177)
1039 2821 1105 2866 eum
1137 2803 1279 2866 honorem
1308 2805 1437 2867 oblatum
1466 2807 1581 2870 Caesari

222 2931 247 2972 a.
271 2911 332 2972 727
367 2911 462 2974 eidem
504 2930 538 2973 ex
574 2910 693 2972 Oriente
725 2909 850 2982 Romam
887 2907 1022 2971 redeunti
1049 2927 1075 2970 a.
1099 2907 1160 2969 735
1189 2907 1252 2970 001.
1279 2907 1317 2969 12
1349 2919 1470 2990 0000100
1504 2911 1581 2972 circs

214 3015 342 3096 captivos
365 3023 551 3095 recuperatos
567 3033 583 3075 a
597 3012 714 3075 Parthis
734 3011 893 3092 repetitum
916 3019 1094 3090 auctumque
1121 3029 1195 3072 esse.
1231 3010 1305 3073 Nam
1321 3012 1357 3074 ad
1373 3014 1451 3074 hune
1466 3032 1578 3075 annum

214 3129 316 3181 notare
339 3118 570 3182 Cassiodorium:
605 3116 724 3180 Caesari
748 3133 786 3176 ea
809 3118 965 3194 provinciis
986 3115 1118 3176 redeunti
1140 3133 1245 3177 currus
1269 3136 1334 3178 cum
1356 3134 1462 3178 emona
1485 3136 1576 3178 auree

216 3223 342 3285 decretus
370 3233 424 3296 est,
454 3239 507 3303 quo
534 3220 684 3282 oscendere
713 3219 821 3290 noluit,·
850 3217 881 3278 in
910 3218 1043 3279 nummis
1070 3227 1168 3278 autem
1198 3217 1386 3281 triumvirum
1415 3240 1440 3282 c.
1463 3241 1488 3282 a.
1513 3221 1578 3281 735

216 3324 247 3386 L.
263 3325 381 3405 Aquillii
396 3325 474 3388 Flori
497 3325 535 3387 ltl.
550 3323 664 3386 Durmii
686 3322 719 3382 P.
735 3320 866 3382 Petronii
888 3320 1049 3402 Turpiliani
1071 3338 1211 3381 coronam
1235 3322 1363 3402 conspici
1385 3323 1422 3384 ab
1444 3342 1477 3384 ea
1499 3342 1574 3403 quae

216 3428 345 3491 cernitur
373 3428 404 3490 in
431 3447 520 3490 aureo
542 3447 567 3490 a.
592 3427 652 3488 727
676 3424 839 3498 diversam,
867 3424 1010 3486 nimirum
1034 3423 1121 3485 vittas
1143 3423 1173 3484 in
1197 3423 1256 3486 ima
1278 3434 1374 3505 parte,
1398 3445 1485 3508 supra
1508 3445 1579 3488 vero

215 3550 312 3592 rosam
336 3532 492 3594 habentem
515 3531 613 3612 itaque
636 3529 758 3592 omnino
779 3531 886 3590 factam
909 3547 946 3590 ex
967 3527 1084 3590 metallo
1105 3535 1135 3589 01
1154 3527 1185 3588 10
1200 3527 1293 3607 060110
1309 3538 1430 3608 gestam.
1467 3529 1578 3591 Vereor

218 3643 329 3709 160100,
358 3654 396 3696 00
418 3636 449 3696 10
472 3635 526 3696 bac
547 3653 579 3696 re
603 3634 709 3696 errarit
731 3632 775 3694 vir
797 3632 985 3694 doctissimus
1008 3631 1169 3709 eademque
1191 3648 1299 3692 corona
1321 3631 1516 3712 intellegenda
1540 3633 1579 3694 sit

216 3747 274 3799 tam
303 3736 334 3796 in
362 3755 451 3798 aureo
477 3755 502 3798 a.
527 3736 588 3797 727
617 3744 647 3798 01
675 3737 706 3798 10
735 3737 878 3798 sestertiis
906 3734 1019 3809 aeneis,
1047 3734 1098 3815 qui
1126 3744 1287 3815 coeperunt
1307 3755 1333 3797 c.
1357 3755 1381 3797 a.
1406 3735 1468 3798 739
1491 3736 1577 3816 (rom.

215 3840 395 3903 Mduzroeseu
417 3859 445 3920 p.
463 3840 548 3919 743),
571 3839 693 3919 aliisque
716 3839 918 3920 compluribus
941 3839 1072 3901 nummis
1088 3856 1178 3918 quam
1194 3838 1224 3898 in
1240 3839 1371 3900 nummis
1388 3839 1575 3901 triumvirum

214 3963 302 4024 supra
328 3943 484 4016 dictorum,
513 3943 642 4024 vittaque
669 3954 700 4006 et
730 3963 813 4018 rosa,
838 3943 897 4005 sire
925 3961 1040 4023 gemma
1063 3961 1096 4004 ea
1120 3950 1173 4016 est,
1197 3942 1235 4003 ob
1255 3961 1319 4004 eam
1342 3961 1460 4004 causam
1483 3943 1574 4005 solam

215 4047 246 4107 in
269 4066 391 4108 nummo
414 4067 439 4108 a.
457 4047 517 4108 727
541 4055 570 4108 01
591 4046 655 4109 aliis
676 4047 853 4128 quibusdam
874 4047 997 4121 deliciet,
1021 4045 1099 4126 quod
1115 4045 1156 4106 ibi
1171 4064 1278 4107 corona
1292 4047 1467 4127 proponitur
1482 4048 1576 4108 torma

216 4151 328 4212 minore
355 4159 385 4211 et
411 4169 515 4232 parum
542 4160 609 4230 apta
635 4151 852 4213 accessionibus
878 4150 935 4211 illis
961 4149 1149 4230 recipiendis,
1172 4149 1217 4210 rel
1245 4149 1366 4212 omnino
1393 4149 1472 4229 quod
1494 4149 1576 4211 taber

215 4271 278 4314 eam
303 4253 401 4314 minus
423 4255 508 4334 plene
530 4263 561 4315 ct
582 4264 716 4316 accurate
738 4253 975 4333 repraesentavit.
1012 4252 1154 4333 Compara
1176 4253 1252 4315 inter
1273 4253 1345 4315 alios
1366 4272 1435 4314 curn
1450 4271 1575 4315 nummo

215 4356 265 4418 illo
288 4356 452 4437 Turpiliani
474 4357 588 4436 (Coben
610 4358 682 4438 dug.
699 4357 775 4436 476)
803 4358 929 4418 61100001
952 4374 982 4416 n.
999 4355 1070 4430 205,
1093 4356 1123 4417 10
1147 4376 1206 4436 quo
1228 4356 1575 4438 0000100160006611001

214 4460 289 4540 06011
311 4459 419 4522 1001666
441 4469 522 4522 entra
544 4461 667 4523 dubium
697 4469 743 4522 061
764 4478 902 4522 coronam
925 4459 1045 4521 aedibus
1067 4477 1226 4540 appensam
1250 4459 1420 4540 significari,
1448 4459 1575 4522 videbis-

215 4582 271 4642 que
298 4563 329 4623 in
358 4572 482 4641 utraque
508 4563 618 4644 pariter
640 4572 670 4625 01
698 4583 846 4645 gemmam
873 4563 974 4625 adesse
1001 4573 1031 4624 et
1057 4563 1224 4624 lemniacos.
1262 4563 1294 4625 ld
1323 4563 1419 4644 ipsum
1447 4562 1576 4625 ellicitur'

215 4687 250 4727 ex
278 4665 468 4747 inscriptione
498 4668 530 4728 ob
553 4671 622 4730 civis
643 4679 770 4730 servatos
797 4665 884 4729 etiam
907 4685 923 4727 a
946 4665 1109 4728 triumviris
1131 4665 1187 4726 illis
1210 4673 1366 4745 usurpata3
1395 4683 1463 4726 nam
1485 4683 1518 4725 ea
1541 4671 1575 4726 ut

215 4787 339 4831 coronae
361 4787 505 4848 appensae
527 4778 593 4850 apta
616 4779 670 4844 est,
693 4768 733 4831 itu
762 4769 793 4830 in
815 4768 913 4850 'capite
936 4777 1033 4847 gestae
1049 4767 1170 4829 minime
1186 4768 1330 4830 convenit.
1367 4767 1520 4829 Praeterea
1534 4785 1573 4829 ne
