3798 5584
757 469 807 537 IV,
828 469 934 526 12-16
1479 475 1522 539 85

166 651 288 714 Veneris
311 649 472 714 Genetricis
500 649 561 712 sive
588 649 716 712 victricis
745 648 806 711 sive
827 647 971 710 Victoriae
993 647 1125 712 Caesaris
1151 649 1294 712 dedicavit
1315 648 1420 714 Caesar
1441 661 1525 732 pater

165 775 190 818 a.
207 754 270 818 ‘108
292 755 372 836 Sept
388 752 429 814 24
448 761 501 815 aut
520 752 560 814 25
581 752 648 834 (nio
663 753 714 832 43,
731 752 789 827 22;
811 751 934 835 Appiam.
950 751 978 814 b.
994 771 1020 814 6.
1037 751 1066 828 3,
1082 753 1140 830 28ς
1162 754 1193 816 G.
1208 754 1230 815 1.
1246 753 1307 816 L.1
1328 774 1358 836 p.
1374 755 1436 818 402
1458 756 1523 818 coll.

165 881 194 941 p.
210 859 297 940 397).
340 858 400 920 Nec
428 866 528 919 tamen
557 865 652 920 tntum
679 859 843 939 perlectum
864 853 956 918 fuisse
979 875 1047 918 cnm
1075 857 1258 920 dedicaretur
1285 868 1399 939 practer
1424 860 1523 940 ipsum

165 965 331 1044 Augustum
355 960 496 1023 hocloco
520 968 609 1021 testea
631 969 702 1022 sunt
716 959 852 1022 Nicotaus
867 958 1066 1022 Damascenus
1090 965 1127 1036 (6.
1143 960 1207 1040 22),
1230 961 1281 1042 qui
1302 962 1404 1044 paucis
1419 963 1523 1025 diebus

165 1075 232 1128 ante
257 1073 382 1128 mortem
405 1062 545 1126 describit
560 1062 713 1126 Caesarem
737 1064 888 1126 sedentem
910 1062 942 1126 16
963 1066 1028 1125 1666
1049 1083 1104 1126 suo
1125 1073 1156 1127 et
1177 1065 1413 1146 redemptoribus
1436 1085 1524 1148 opera

165 1169 205 1232 ibi
231 1168 362 1260 iacienda
390 1167 566 1241 elucentem,
595 1175 624 1228 61
649 1166 763 1229 Plinius
786 1165 836 1241 35,
861 1165 910 1240 12,
936 1167 1012 1228 156:
1039 1167 1302 1233 6116666166611
1325 1169 1524 1248 661166616-

166 1273 412 1354 6661166)[οο1666
440 1271 572 1334 Venerem
595 1274 764 1352 qenetn'eem
790 1274 822 1332 in
848 1272 915 1350 [ero
938 1269 1071 1334 Caesaris
1092 1283 1119 1335 et
1136 1276 1307 1356 percoquens
1329 1273 1524 1335 obsolmtur
1558 1277 1561 1284 '

164 1379 346 1459 festinatione
367 1375 518 1438 dedicandi
532 1379 664 1456 positam.
687 1411 729 1422 -·
751 1373 889 1437 Ceterum
909 1375 1082 1456 prodigendi
1105 1376 1277 1441 vocabulum
1301 1379 1356 1440 hac
1377 1377 1524 1459 significa-

166 1481 245 1542 tione
274 1479 463 1561 reprehendit
485 1478 594 1542 Gellius
619 1480 666 1554 15,
684 1479 717 1540 5:
746 1498 810 1542 earm
837 1479 872 1540 ob
896 1478 1058 1560 odttiqendo
1081 1490 1107 1542 et
1129 1479 1168 1541 66
1186 1484 1339 1561 perniciem
1359 1485 1524 1544 intentum-

166 1604 217 1666 qne
246 1583 410 1647 6166666666
437 1581 606 1645 inclinatum
630 1584 662 1645 id
689 1593 866 1664 nonumque
891 1586 928 1644 sit
948 1599 1113 1664 semperque
1135 1601 1167 1645 ec
1189 1584 1283 1655 verbo,
1306 1587 1357 1666 qui
1377 1583 1525 1665 didicentes

166 1688 255 1750 16666·
280 1697 360 1758 snm,
387 1689 501 1748 11666·
526 1690 592 1760 sint,
620 1697 653 1749 ut
677 1685 835 1768 pretiiqore
863 1685 987 1749 dicerent
1010 1686 1162 1766 prodigere
1191 1697 1217 1748 et
1239 1687 1399 1767 deperdas,
1417 1689 1525 1769 protit-

164 1802 299 1872 qatosqne
325 1808 372 1852 res
399 1793 482 1870 qnasi
497 1790 647 1870 prodictus
667 1801 695 1852 et
713 1791 852 1870 perditus.
879 1808 956 1852 nanee
978 1789 1065 1852 endto
1092 1789 1222 1870 aedificio
1243 1792 1396 1871 attempta
1417 1802 1444 1853 et
1465 1792 1526 1854 olto

104 1891 110 1898 '
165 1895 228 1974 [ere
255 1892 349 1956 nonita
374 1911 446 1974 qatce
464 1910 554 1973 prope
576 1893 707 1956 absoluto
728 1893 895 1973 adfectoque
917 1903 999 1964 6661,
1029 1897 1061 1955 a‘n
1079 1892 1237 1974 profligato
1255 1913 1313 1956 esse
1335 1895 1392 1956 dici
1410 1899 1526 1977 ipsoque

166 2016 224 2060 esse
246 2000 306 2059 ium
322 1995 480 2076 profligato
501 2041 508 2057 .
526 2042 533 2057 .
550 2041 582 2057 ..
629 1995 714 2069 Quod
733 1997 894 2078 siqrsissecre
910 1995 1011 2059 oolnnt
1025 2001 1077 2078 qni
1089 1997 1277 2077 6661666166
1300 1998 1406 2070 dinem,
1427 1997 1460 2060 ta·
1478 2003 1529 2081 qni

165 2100 265 2164 Latine
292 2101 380 2162 locuti
402 2109 477 2170 6661,
504 2115 564 2162 non
591 2099 792 2181 profliqotnm.
822 2101 870 2162 sed
898 2101 1044 2182 adfectum
1074 2101 1220 2163 61666661.
1263 2101 1363 2182 ltaque
1391 2101 1525 2166 videmos

166 2204 331 2284 dngrssturn
366 2203 423 2264 hoc
458 2201 523 2265 loco
555 2203 696 2268 vocabulo
727 2223 815 2266 usum
843 2223 908 2267 esse
935 2204 1147 2286 significatione
1177 2203 1290 2284 vulgari
1316 2206 1408 2286 magis
1435 2211 1542 2288 quam'

166 2307 303 2388 probata,
330 2325 510 2388 quamquam
538 2307 593 2370 viri
619 2307 697 2370 docti
724 2307 795 2370 olim
822 2317 1028 2371 monstrarunt
1057 2309 1158 2371 eadem
1186 2307 1397 2389 significatione
1424 2311 1526 2392 proili-

168 2410 254 2492 gandi
283 2409 458 2474 vocabulum
495 2411 631 2492 usurpari
657 2411 791 2492 quamvis
817 2431 885 2476 raro
910 2413 999 2476 etiam
1026 2413 1103 2494 apud
1131 2411 1300 2476 Ciceronem
1329 2413 1431 2492 (Tuae.
1447 2416 1476 2490 5,
1497 2415 1526 2491 6,

170 2516 222 2593 15)
245 2522 276 2578 61
297 2513 412 2576 Livium
437 2514 478 2590 (3,
495 2515 545 2589 56,
564 2516 625 2591 16).

266 2617 420 2680 Basilicam
453 2617 556 2680 lutiam
592 2617 723 2681 Caesaris
757 2617 908 2682 dictatoris
941 2628 1091 2701 praeterea
1128 2627 1365 2682 commemorant
1403 2623 1526 2684 tortasse

166 2719 266 2783 Cicero
289 2721 320 2782 in
343 2720 466 2802 epistula
488 2740 514 2783 6.
530 2723 592 2784 ‘tott
615 2722 651 2784 ad
674 2721 804 2785 Atticum
838 2723 947 2804 scripta
970 2723 1159 2802 (4,16,14),
1189 2723 1240 2784 666
1274 2721 1525 2804 interpretationis

165 2824 325 2887 admodum
348 2823 511 2905 ambiguae,
534 2833 612 2888 certe
628 2825 825 2907 Hieronymus
847 2825 878 2888 in
900 2825 1089 2889 adnotatione
1110 2845 1146 2888 ex
1168 2825 1280 2905 optimo
1301 2837 1423 2890 auctore
1435 2828 1526 2908 petita

166 2929 205 3007 (v.
228 2946 337 2990 comm.
360 2947 461 2992 meum
490 2929 526 2991 de
553 2929 685 2992 lontibus
715 2929 885 3012 Hieronymi
907 2950 936 3012 p.
953 2930 1028 3004 691)
1059 2929 1096 2990 66
1122 2948 1148 2991 6.
1166 2927 1241 2992 706;
1273 2927 1380 2992 Romae
1410 2931 1526 2994 6661166

168 3030 246 3094 16116
267 3033 407 3096 dedicate.
450 3031 586 3096 Dedicata
608 3040 654 3095 est
681 3032 801 3095 omnino
829 3052 887 3096 una
917 3052 985 3096 cum
1014 3037 1077 3095 1666
1103 3033 1186 3107 16116,
1220 3033 1256 3094 66
1289 3052 1349 3113 quo
1382 3032 1525 3109 vidimus;

169 3155 238 3197 mox
260 3145 359 3198 autem
382 3136 516 3198 incendio
539 3135 652 3198 interiit
673 3136 897 3218 obscuravitque
919 3137 1091 3200 memoriam
1115 3136 1178 3199 eius
1201 3135 1291 3198 altera
1313 3134 1431 3199 basilica
1452 3136 1525 3199 16116

169 3238 305 3318 Augusti,
335 3237 420 3301 euius
443 3239 540 3321 operis
568 3238 768 3302 meminerunt
795 3241 885 3304 etiam
914 3241 1074 3304 Suetonius
1096 3240 1170 3321 Aug.
1186 3239 1243 3301 29:
1272 3239 1413 3321 66666666
1440 3245 1526 3303 etium

168 3361 254 3423 opero
275 3342 327 3404 and
349 3346 466 3406 nomine
487 3344 589 3416 611666,
611 3355 745 3426 nepotum
766 3346 870 3408 66111661
995 3346 1072 3425 feeit,
1101 3354 1134 3406 ut
1159 3341 1305 3424 porticum
1327 3343 1526 3426 doniiccncqne

170 3444 227 3508 Gna·
246 3456 274 3508 et
295 3443 372 3518 1661,
397 3455 427 3508 61
448 3445 501 3510 Dio
525 3448 574 3523 56,
591 3446 631 3508 27
654 3449 690 3511 66
713 3467 739 3512 6.
756 3449 833 3512 7651
865 3445 885 3533 ἦ
911 3447 993 3513 στοὰ
1021 3443 1183 3533 ἤἸουλίο
1209 3448 1306 3530 (codd.
1331 3449 1473 3524 Accola,
1495 3458 1527 3512 at

168 3549 232 3611 vide
253 3548 417 3611 Beckerum
439 3570 468 3632 p.
485 3551 560 3630 543)
587 3549 770 3636 καλουμένη
800 3546 1004 3637 ᾠκοδομήθη
1030 3573 1067 3614 τε
1094 3549 1128 3626 ἐς
1155 3551 1253 3636 τιμὴν
1279 3553 1338 3616 τοῦ
1365 3554 1527 3616 66116166

170 3651 225 3714 καὶ
252 3651 313 3714 τοῦ
342 3655 493 3718 onaioe
519 3654 585 3718 τῶν
614 3650 796 3739 Καισάρων
827 3655 883 3717 καὶ
916 3653 991 3720 τότε
1023 3654 1232 3740 καθιερώθη.
1286 3655 1422 3719 Porticus
1453 3655 1526 3719 16116

168 3754 346 3836 praeteritur
367 3756 398 3818 in
421 3758 634 3821 commentario
655 3777 715 3821 666
737 3769 892 3841 propterea
914 3761 994 3840 quod
1017 3779 1091 3842 opus
1119 3760 1246 3824 alienum
1276 3759 1341 3834 luit,
1369 3769 1403 3822 ut
1428 3759 1525 3823 visum

167 3869 213 3922 est
234 3859 364 3922 11661666
385 3880 415 3942 p.
431 3861 493 3924 346
508 3881 538 3924 6.
554 3861 627 3939 627,
660 3881 730 3925 nam
763 3882 830 3925 vere
857 3863 981 3944 Augusti
1013 3884 1087 3946 opus
1120 3883 1180 3927 non
1214 3863 1314 3926 minus
1347 3863 1404 3925 luit
1435 3881 1525 3944 quam

167 3962 286 4025 basilica
308 3962 389 4038 lulia,
416 3963 493 4026 sicut
523 3983 611 4046 supra
639 3965 697 4028 iam
721 3966 762 4048 (p.
780 3967 833 4041 79)
855 3967 1084 4042 observavimus,
1118 3968 1169 4030 sed
1201 3967 1300 4049 potius
1333 3965 1411 4046 quod
1443 3985 1526 4028 com-

167 4065 362 4149 prehenditur
383 4067 501 4130 basilica
522 4067 604 4132 iulia.
649 4069 785 4133 Porticus
807 4069 937 4133 dedicata
958 4080 1004 4133 est
1025 4091 1050 4134 a.
1068 4071 1146 4148 7653
1167 4071 1230 4153 ipsa
1252 4070 1369 4132 basilica
1392 4070 1523 4133 nondum

167 4170 301 4233 absoluta
324 4178 395 4244 erat,
418 4171 1102 4264 666666666666661666166116666166616
1125 4175 1238 4236 obitum
1262 4173 1424 4248 mensibus,
1448 4172 1525 4235 unde

167 4274 256 4338 etiam
280 4291 389 4336 nomen
413 4274 510 4356 operis
532 4294 591 4338 666
615 4273 739 4338 66616611
761 4293 872 4357 ponere
894 4275 989 4338 noluit
1006 4277 1128 4353 (Becker
1141 4297 1170 4358 p.
1188 4276 1249 4338 305
1264 4295 1293 4337 6.
1310 4275 1395 4352 530).
1439 4275 1526 4338 Vide-

167 4389 216 4441 tur
238 4386 338 4440 autem
361 4385 420 4439 tam
443 4379 571 4460 porticui
593 4397 681 4460 quam
704 4378 839 4441 basilicae
861 4397 970 4442 nomen
998 4380 1114 4442 dedisse
1136 4380 1181 4442 vel
1208 4378 1400 4442 destinavisse
1422 4378 1475 4440 Gai
1497 4388 1527 4441 et

167 4483 256 4558 Luci3
284 4482 335 4544 sed
365 4499 419 4544 usu
450 4481 578 4544 obtinuit
605 4481 755 4562 antiquius
788 4491 818 4544 et
851 4483 1014 4565 simplicius
1047 4483 1179 4565 porticus
1211 4483 1301 4545 iuliae
1334 4481 1526 4564 basilicaeque

167 4586 258 4649 iuliae
274 4584 398 4665 (Prcller
419 4604 478 4666 reg.
494 4605 523 4666 p.
541 4585 623 4666 148).
653 4585 695 4647 Eo
717 4584 782 4668 ipso
796 4585 870 4662 loco,
893 4605 981 4667 quem
997 4587 1227 4650 commentarius
1242 4585 1361 4666 indicat,
1377 4587 1413 4648 ad
1428 4590 1526 4649 lorum

167 4690 336 4752 Romanum
363 4689 441 4752 inter
467 4689 568 4751 aedem
593 4689 721 4751 Castoris
743 4697 774 4751 61
795 4690 897 4752 aedem
921 4691 1055 4764 Saturni,
1084 4699 1113 4753 61
1134 4689 1265 4771 pingitur
1287 4689 1417 4763 blustlicn
1438 4689 1528 4769 l]niiu

168 4793 199 4857 in
220 4797 333 4855 formae
356 4791 438 4856 urbis
460 4794 631 4874 fragmentis
654 4797 695 4872 (6.
711 4794 763 4855 26.
778 4793 819 4856 23
841 4794 901 4857 tab.
916 4794 957 4856 111
976 4795 1021 4858 66.
1037 4793 1163 4868 1666661,
1186 4793 1236 4874 qui
1252 4793 1288 4855 de
1303 4793 1339 4855 iis
1354 4793 1413 4872 egit
1427 4813 1455 4873 p.
1472 4792 1528 4868 25)

169 4905 199 4958 61
219 4905 322 4959 extum
343 4895 488 4977 hodieque
510 4896 649 4976 reliquiae
671 4916 731 4960 non
755 4897 884 4978 exiguae,
907 4899 937 4960 in
960 4898 1068 4978 quibus
1090 4897 1178 4960 etiam
1201 4905 1317 4979 reperta
1339 4905 1527 4959 66616666]-
