3798 5584
779 477 831 545 ῙΠ,
850 479 936 536 7-21
1492 487 1530 552 61

179 648 258 730 plebi
280 651 415 716 denarios
437 663 577 718 centenos
599 654 780 736 promisisse,
803 675 930 740 cumque
952 658 1033 740 prius
1056 679 1087 724 44
1103 661 1138 724 de
1153 680 1188 724 eo
1203 664 1352 742 congiario
1367 663 1532 726 edicturum

178 763 301 833 negaret
322 775 409 838 quam
440 767 560 822 senatus
587 759 786 841 approbasset,
813 771 949 826 senatum
972 767 1072 828 statim
1094 784 1163 828 eum
1185 765 1336 829 absentem
1359 767 1445 830 etiam
1469 777 1534 830 tum

178 856 293 1021 {iegibus
315 860 446 924 44141444.
491 861 613 926 Videtur
634 863 723 945 igitur
744 866 806 946 lege
828 865 1007 946 prohibitum
1028 867 1129 944 141444,
1151 869 1310 951 quominus
1326 869 1403 953 plebi
1418 871 1534 933 nummi

200 961 390 1027 iridereutur.

279 1066 320 1131 lle
342 1077 445 1149 quarta
467 1068 638 1133 liberalitate
660 1072 851 1136 frumentaria
872 1072 987 1154 egimus
1008 1075 1045 1137 ad
1070 1077 1096 1148 1,
1112 1075 1163 1138 32.

279 1170 424 1244 Quintum
447 1172 628 1254 congiarium
651 1174 752 1237 datum
774 1195 800 1238 4.
817 1176 878 1238 742
900 1186 1048 1258 praeterea
1071 1187 1321 1242 commemoratur
1341 1178 1436 1242 tribus
1450 1179 1531 1255 locis,

178 1273 207 1336 in
231 1274 313 1337 144114
337 1274 652 1358 Ripatransoueusibus
674 1289 704 1341 et
725 1278 803 1360 apud
817 1279 940 1342 Dionem
963 1291 992 1343 et
1012 1281 1180 1364 losephum.
1217 1281 1296 1345 Fasti
1317 1283 1358 1344 illi
1373 1283 1418 1362 (C.
1433 1282 1455 1345 1.
1473 1284 1532 1345 L.l

178 1396 206 1458 p.
222 1377 285 1440 472
306 1405 349 1432 =
369 1379 566 1462 11145289)
593 1381 635 1444 414
663 1383 692 1444 41
721 1383 805 1446 141144
826 1385 961 1467 explendi
983 1396 1054 1449 sunt
1075 1387 1171 1469 paullo
1192 1386 1277 1449 aliter
1297 1395 1386 1467 atque
1407 1388 1533 1468 explevit

178 1480 356 1563 Borghesius
378 1483 439 1546 dec
457 1483 486 1558 6,
502 1484 521 1547 d
544 1503 611 1566 444.
630 1487 657 1562 1,
673 1485 782 1567 314¹):

420 1655 469 1690 cor.
505 1655 539 1691 an,
575 1639 689 1693 44144444
722 1641 843 1693 marsallo
875 1659 900 1712 4.
936 1643 1059 1714 sulpicius
1093 1645 1223 1710 quiritatus
1376 1661 1399 1695 4.
1412 1661 1434 1696 4.
1448 1645 1497 1695 742

867 1749 887 1786 4.
906 1734 992 1800 uulgi
1014 1746 1035 1788 V
1057 1735 1169 1802 Sragllae

834 1833 856 1870 e.
890 1819 1180 1875 caururvsroertes

605 1901 630 1955 it.
664 1914 783 1960 AVGVST
810 1917 846 1958 l.-
857 1917 1003 1961 VOLVSlVS
1015 1931 1023 1946 ·
1036 1910 1193 1960 saturninus

282 1982 350 2052 44411.
368 1999 418 2036 non
435 1989 511 2037 mart.
528 1987 591 2054 1444.
609 1997 1182 2047 444444·404414·14411114·ει144144441

286 2106 611 2126 ..............
627 2073 709 2128 iden·
724 2087 917 2132 conomarvn
932 2101 939 2117 ·
954 2089 1070 2133 rorvuo
1087 2078 1156 2132 dedet

287 2193 635 2213 ...............
667 2173 733 2216 nrvs
756 2188 763 2204 ·
786 2175 809 2217 m
838 2189 845 2206 ·
875 2176 891 2218 r
932 2167 1136 2217 r·nvrutes.
1157 2164 1318 2232 .s.r'r'uir?

455 2259 503 2296 444.
516 2243 619 2314 paullus
628 2247 727 2312 suetus
769 2251 902 2302 mactmus
948 2267 971 2317 q.
1006 2261 1103 2303 441144
1119 2251 1209 2301 tubero
1372 2265 1397 2300 u.
1410 2265 1431 2301 c.
1446 2249 1494 2301 743

175 2405 228 2470 llio
250 2409 316 2490 (54,
331 2409 386 2490 29)
407 2411 444 2473 ad
466 2431 492 2474 a.
508 2411 570 2474 742
597 2421 754 2495 postquam
776 2414 850 2479 dixit
877 2415 913 2478 de
940 2423 1034 2478 morte
1062 2415 1213 2498 agrippae,
1240 2434 1314 2496 quae
1342 2415 1439 2479 evenit
1465 2415 1529 2479 eius

175 2511 244 2574 anni
267 2531 369 2575 mense
391 2513 504 2592 Martio,
538 2517 624 2581 etde
646 2518 757 2598 legatis,
790 2537 865 2598 quae
897 2519 1034 2581 heredem
1061 2517 1227 2599 Augustum
1261 2519 1370 2600 444414
1396 2518 1528 2581 Romano

174 2615 242 2678 dare
264 2615 408 2693 iussisset,
430 2617 511 2682 addit
532 2623 871 2702 444414444144441444,
895 2630 1044 2702 tamquam
1067 2622 1107 2684 ita
1130 2631 1306 2686 testamento
1325 2621 1527 2697 14444444441,

174 2718 390 2802 quadringenos
413 2722 563 2785 sestertios
585 2724 663 2805 plebi
690 2723 824 2788 divisisse
846 2724 915 2805 (καὶ
937 2725 1019 2788 καθ’
1048 2722 1163 2789 ἑκατὸν
1184 2724 1332 2809 δραχμὰς
1352 2725 1398 2809 τῷ
1420 2720 1527 2810 δήμῳ,

174 2819 216 2897 (ὃς
236 2820 293 2888 καὶ
318 2823 444 2890 1441444
468 2825 688 2908 κελεύσαντος,
713 2826 879 2911 διένειμε).
916 2828 1047 2911 Denique
1061 2829 1203 2911 Iosephus
1218 2829 1265 2905 16,
1279 2830 1308 2904 4,
1324 2830 1353 2904 5,
1369 2837 1525 2910 postquam

173 2929 303 2992 manarit
324 2949 515 3012 congressum
539 2931 669 2995 Caesaris
691 2941 721 2994 et
743 2931 866 2994 llerodis
881 2932 1038 3012 Aquileiae,
1061 2952 1120 3012 quo
1142 2932 1253 2995 scilicet
1274 2931 1424 3012 Augustus
1447 2934 1527 2994 venit

172 3031 275 3095 eodem
298 3051 376 3096 auno
398 3035 548 3098 Tiberium
570 3034 638 3098 inde
660 3034 696 3097 ad
721 3035 831 3097 bellum
853 3035 1053 3099 Pannonicum
1082 3019 1233 3098 dimittens
1255 3034 1378 3112 (41.1)14
1406 3036 1456 3108 54,
1472 3034 1527 3110 31;

172 3135 295 3200 Sueten.
310 3138 383 3219 Aug.
400 3137 464 3216 20),
486 3147 643 3220 antequam
665 3149 796 3220 exponut
817 3142 853 3202 de
874 3139 1073 3202 aedificatione
1095 3138 1194 3220 oppidi
1215 3139 1371 3202 Caesareae
1393 3136 1526 3200 absoluta

171 3257 196 3301 a.
213 3240 275 3304 743
292 3241 356 3321 (16,
372 3244 401 3317 5,
419 3245 459 3320 1),
481 3243 553 3306 14444
577 3243 752 3324 interponit:
786 3237 822 3308 dv
854 3242 891 3308 dd
924 3253 997 3317 rate
1029 3237 1181 3324 ὑστέραις
1213 3237 1349 3327 ἡμέραις
1379 3235 1527 3325 Ἡρώδης

172 3340 327 3428 ἐδωρεῖτο
352 3348 505 3428 Καίσαρα
526 3349 730 3430 τριακοσίοις
752 3343 938 3424 ταλάντοις,
962 3347 1046 3420 θέας
1072 3368 1107 3408 τε
1129 3345 1184 3408 καὶ
1214 3342 1378 3428 διανομὰς
1407 3341 1526 3408 ποιού-

171 3468 273 3528 μενον
298 3448 346 3534 447
369 3441 541 3532 Ῥωμαίων
567 3445 672 3535 δήμῳ.
716 3448 771 3512 Ubi
798 3469 858 3514 non
889 3449 1016 3530 intellegi
1044 3467 1152 3512 munus
1178 3448 1382 3530 gladiatorium
1412 3448 1524 3512 editum

171 3550 362 3632 abnegante
391 3552 518 3616 liliorum
546 3553 667 3615 nomine
695 3553 936 3634 quinquatribus,
963 3553 993 3616 id
1021 3562 1067 3615 441
1095 3552 1142 3614 die
1169 3552 1252 3615 111441
1271 3553 1310 3615 19
1332 3572 1358 3615 4.
1374 3551 1436 3614 742
1460 3550 1525 3628 (llio

171 3654 221 3728 54,
237 3653 302 3732 28),
329 3655 408 3735 quod
431 3655 586 3738 Zumptius
615 3655 671 3718 sibi
693 3657 847 3738 persuasit,
874 3657 941 3721 indo
968 3655 1122 3737 colligitur,
1155 3655 1234 3735 quod
1265 3655 1295 3718 id
1328 3673 1425 3735 neque
1455 3672 1524 3717 oum

171 3755 313 3822 divisione
335 3759 393 3822 ulla
415 3760 607 3823 coniunctum
630 3760 687 3823 luit
712 3770 742 3824 et
768 3761 880 3826 editum
909 3771 955 3824 est
976 3759 1101 3842 Agrippa
1127 3760 1192 3821 viro
1214 3756 1280 3838 (uio
1302 3759 1321 3820 l.
1336 3759 1385 3840 4.).
1429 3759 1524 3820 lmmo

172 3859 309 3941 mgitarit
340 3861 482 3944 losephus
516 3864 552 3926 de
585 3861 793 3946 quadringenis
827 3865 979 3939 sestertiis,
1013 3862 1064 3943 qui
1097 3872 1246 3942 tamquam
1281 3881 1316 3925 ex
1349 3871 1524 3925 testamento

170 3964 314 4047 Agrippae
335 3985 370 4028 co
392 3985 469 4030 auno
497 3977 565 4048 post
594 3967 672 4030 diem
694 3968 759 4030 lun.
775 3967 816 4030 26
839 3967 915 4049 (dies
945 3965 1085 4047 congiarii
1112 3966 1173 4028 dati
1199 3965 1229 4028 in
1257 3965 1339 4029 144114
1366 3965 1523 4048 Ripatran-

171 4067 347 4132 senensibus
369 4070 534 4152 adscriptus
557 4072 622 4144 luit,
646 4070 697 4132 sed
719 4069 878 4152 intercidit)
900 4070 1009 4153 populo
1031 4069 1178 4132 numerati
1200 4077 1280 4144 4441,
1302 4078 1333 4132 41
1351 4068 1387 4132 de
1402 4087 1524 4131 munere

170 4170 339 4250 gladiatorio
360 4173 392 4234 in
407 4174 548 4236 honorem
565 4173 707 4256 agrippae
727 4173 858 4237 defuncti
880 4173 980 4238 statim
1002 4172 1065 4236 sino
1087 4172 1176 4235 dubio
1199 4172 1355 4255 promisso,
1378 4172 1430 4235 sed
1445 4172 1522 4235 edito

168 4292 194 4336 4.
217 4273 339 4338 demum
355 4277 416 4338 747
432 4276 499 4356 (bio
514 4277 565 4352 55,
581 4276 623 4357 8),
646 4277 757 4340 scilieet
778 4277 997 4361 procrastinatis
1020 4274 1192 4358 spectaculis
1214 4284 1335 4358 propter
1349 4284 1521 4359 apparatum

168 4378 306 4441 ludorum
329 4379 449 4460 longum
472 4388 502 4443 et
524 4379 692 4443 molestum.

267 4570 288 4634 Ι)
308 4571 442 4636 Berglium
477 4577 631 4624 statuentem
665 4573 739 4624 ludos
774 4570 855 4624 144144
889 4585 946 4624 4444
977 4570 1008 4622 ab
1038 4571 1153 4636 41444414
1186 4585 1208 4622 4.
1235 4571 1282 4622 742
1315 4570 1346 4622 ob
1378 4579 1521 4640 suaceptum

168 4656 343 4721 poatilleatam
366 4658 511 4722 4444144444,
530 4659 660 4711 erravisse
682 4658 764 4723 igitur
782 4657 888 4710 Diouem
912 4672 945 4709 ex
967 4664 1118 4710 testamento
1136 4656 1264 4724 Agrippae
1288 4672 1333 4708 444
1356 4664 1522 4725 repetentem,

168 4740 249 4796 144144
265 4743 512 4812 llipatrausoueoaea
535 4745 688 4813 supplendos
712 4760 770 4797 osse
787 4745 838 4797 aio:
858 4746 906 4813 [pr.
925 4760 981 4796 non.
997 4742 1076 4796 Mart.
1093 4745 1154 4800 imo.
1176 4743 1280 4808 Caeelar
1298 4745 1391 4812 pontq'f.
1409 4747 1520 4795 4444144.

167 4830 275 4893 edentur
296 4827 369 4881 141144
394 4832 529 4882 moenere
551 4833 583 4895 et]
606 4835 768 4899 4444141444
788 4831 881 4902 populo
903 4831 997 4896 (414411),
1021 4831 1069 4882 iam
1092 4830 1225 4896 redarguit
1247 4829 1302 4897 ipae
1325 4830 1391 4896 14414
1410 4830 1520 4882 14411444

168 4917 280 4984 expleta.
