3798 5584
344 447 386 512 98
618 401 623 410 ¹
966 439 999 506 v,
1018 441 1089 495 e-c

343 627 432 686 armis
455 641 488 684 ac
511 622 598 683 dnctn
617 625 709 702 patris
730 624 778 682 sni
796 638 876 681 more
897 620 1036 699 infestare
1057 623 1184 700 piraticis
1204 617 1363 681 sceleribus.
1408 617 1595 690 Lucanmb,
1619 617 1701 679 422:

343 726 459 788 Siculus
477 729 586 805 pirata.
630 723 736 786 Florus
758 722 864 795 218:
886 723 936 785 ille
959 722 1023 798 (Cn.
1040 722 1198 802 Pompeius
1221 729 1315 802 patent
1334 720 1438 783 Citieos
1460 709 1634 792 estiennot,
1657 721 1703 784 bic

345 830 425 906 (Sex.
447 827 619 908 Pompeius)
641 846 670 888 sc
688 830 812 906 piratico
833 826 975 888 tuebatur.
1017 823 1168 906 Appianus
1191 825 1226 898 5,
1249 825 1298 885 77.
1315 823 1355 886 80
1378 823 1459 886 addit
1480 823 1589 904 piratas
1611 841 1704 903 quos-

345 933 411 995 dam
434 931 591 994 accesere
613 937 715 1008 captos
737 928 907 1008 quaestione
930 927 1028 988 habita
1050 929 1200 989 confessos
1222 945 1287 988 esse
1302 927 1337 988 de
1351 926 1494 1008 Pompeio
1509 926 1703 988 consiliorum

345 1053 466 1097 suorum
490 1034 693 1112 scelerumque
716 1039 836 1093 auctore
858 1029 946 1110 idque
966 1031 1120 1092 Caesarem
1142 1029 1237 1091 edicto
1259 1029 1368 1110 populo
1391 1029 1607 1109 significavisse.
1645 1029 1704 1092 Co-

345 1137 408 1220 pias
431 1138 498 1199 Sex.
522 1133 654 1215 Pompeii
683 1133 839 1215 praecipue
869 1133 995 1194 crevisse
1022 1132 1113 1194 servis
1140 1151 1176 1193 ex
1198 1131 1280 1193 ltalia
1301 1132 1431 1211 fugitivis
1452 1142 1552 1195 narrat
1574 1132 1627 1194 nio
1651 1132 1703 1205 48,

347 1242 405 1315 10,
433 1239 559 1301 addens:
588 1239 742 1300 scenicos
770 1232 811 1317 δη
839 1229 1059 1318 ηὐτομόλουν,
1092 1227 1174 1296 ὥστε
1195 1233 1252 1296 καὶ
1273 1233 1333 1308 τὰς
1355 1229 1602 1318 menapenses
1623 1235 1704 1296 καθ’

345 1336 442 1426 ἱερῶν
469 1338 635 1413 εὔξασθαι
660 1337 885 1420 ἐπισχεθῆναι
913 1339 1008 1420 σφῶν
1033 1335 1092 1410 τὰς
1119 1331 1323 1419 αὐτομολίας
1350 1338 1399 1416 (ci.
1419 1337 1494 1399 Plin.
1515 1337 1703 1417 28,2‚13).

345 1446 430 1509 Unde
453 1464 523 1526 pace
544 1442 703 1506 Misenensi
726 1441 817 1503 servis
839 1441 886 1501 his
908 1440 1067 1522 Pompeius
1089 1439 1253 1502 libertatem
1277 1441 1434 1521 stipulatus
1457 1451 1502 1502 est
1523 1440 1658 1522 (Appiam
1675 1441 1703 1502 b.

346 1570 371 1612 o.
388 1551 423 1623 5,
440 1548 498 1624 723
521 1547 673 1610 Drnmann
699 1546 727 1618 1,
744 1543 829 1621 430).
873 1542 992 1605 Devicto
1014 1552 1112 1606 autem
1135 1562 1160 1603 a.
1177 1564 1206 1604 n.
1224 1542 1285 1605 718
1309 1545 1375 1604 Sex.
1398 1543 1539 1625 Pompeio
1561 1563 1628 1606 cum
1652 1564 1704 1606 es-

349 1653 458 1714 ercitus
480 1650 543 1712 eius
566 1647 682 1712 Caesari
711 1666 742 1708 se
764 1645 942 1720 tradidisset„
965 1646 1072 1708 Caesar
1099 1645 1199 1708 missis
1220 1664 1275 1726 per
1295 1654 1390 1707 costra
1411 1645 1545 1726 epistulis
1568 1647 1707 1727 obsigna·

348 1756 386 1817 tis
409 1753 512 1817 eodem
535 1753 580 1815 dic
603 1749 768 1833 aperiendis
790 1748 928 1830 fugitivos
951 1767 1055 1810 omnes
1078 1749 1286 1829 comprehendi
1308 1747 1395 1810 iussit
1421 1749 1503 1811 etin
1526 1749 1630 1812 urbem
1653 1750 1706 1812 ad-

349 1857 425 1931 duci,
453 1857 504 1919 nbi
527 1855 646 1935 triginta
669 1853 748 1915 milia
771 1871 872 1914 eorum
898 1856 1068 1927 (nnmerum
1091 1851 1180 1912 hahet
1201 1860 1317 1931 praeter
1338 1869 1419 1912 mon.
1442 1850 1548 1934 Ancpr.
1569 1852 1706 1932 Orosius)

348 1960 477 2022 dominis
499 1977 640 2021 eorumve
662 1955 883 2018 successorihus
905 1954 936 2016 in
950 1955 1032 2016 ltalia
1052 1953 1187 2017 Siciliane
1208 1954 1344 2015 restituta
1366 1963 1445 2027 sunt,
1468 1954 1574 2034 reliqui
1595 1956 1632 2017 ad
1655 1975 1706 2018 sex

351 2062 431 2125 milia
453 2062 504 2142 qui
533 2060 623 2141 agniti
650 2077 710 2121 non
739 2066 839 2120 essent
865 2058 901 2119 ad
930 2076 1016 2120 sunm
1045 2057 1169 2137 quisque
1200 2076 1300 2136 equo
1326 2059 1478 2136 aufugeret
1504 2058 1644 2139 oppidum
1675 2060 1706 2120 in

348 2184 466 2230 crueem
489 2165 546 2228 acti
568 2163 704 2245 (Appian.
720 2162 749 2224 b.
765 2180 791 2223 c.
808 2163 836 2235 5,
855 2161 929 2236 131;
952 2161 1083 2234 Oresti,
1101 2159 1151 2231 18,
1167 2159 1222 2235 33;
1243 2159 1297 2221 Dio
1319 2160 1370 2234 49,
1388 2159 1450 2239 12).

397 2466 461 2508 ner.
478 2447 507 2519 5,
525 2463 564 2506 st
594 2442 703 2506 luravit
730 2442 762 2503 in
785 2459 850 2502 mea
871 2441 959 2503 verba
982 2443 1042 2503 tbta
1062 2439 1066 2519 l
1086 2441 1167 2503 ltalia
1190 2450 1294 2522 sponte
1317 2442 1370 2502 sub
1393 2449 1424 2502 et
1445 2459 1493 2503 me
1515 2441 1619 2520 he[lb],
1649 2445 1707 2523 qud

553 2569 566 2610 υ
593 2545 650 2608 vici
682 2544 718 2606 ad
750 2543 882 2617 dotium,
917 2544 1021 2606 ducem
1055 2544 1276 2626 depoposcit.§
1325 2543 1510 2614 lura!verunt
1541 2545 1572 2606 in
1606 2545 1706 2607 eadem

555 2671 567 2713 c
595 2650 691 2728 verlbo
710 2646 888 2729 prouinciae
911 2646 1018 2709 Galliae
1040 2647 1196 2728 Hispaniae
1219 2647 1314 2708 Africa
1338 2647 1435 2710 Sicilia
1451 2644 1611 2716 saridinio.
1634 2653 1653 2724 ᾗ

373 2773 418 2817 cn.
437 2753 485 2829 13,
502 2773 526 2816 to
544 2775 569 2816 n
589 2749 739 2834 Ὤμοσεν
758 2747 762 2830 Ι
783 2749 840 2830 [εἰς
868 2746 944 2822 τοὺς
973 2747 1082 2833 spoils
1109 2747 1227 2827 λόγους
1255 2744 1374 2812 ἅπασα
1401 2747 1420 2832 ἡ
1439 2744 1568 2812 Ἰταλία
1590 2747 1710 2814 ἑκοῦσα

498 2876 525 2919 ss
541 2876 567 2919 te
594 2849 695 2934 eclipsi
722 2849 894 2934 πολέμου]
924 2843 949 2936 ᾧ
976 2850 1029 2914 λα’
1051 2847 1168 2936 Ἀκτίῳ
1197 2850 1384 2934 ἐντ[ί]κησα,
1410 2847 1552 2936 ἡγεμόνα
1574 2851 1709 2939 ἐξηλ[τη’-

539 2977 567 3020 no
595 2973 675 3020 σατο
703 2959 777 3033 (sic).
822 2951 967 3037 ὤ]μοσαν
999 2955 1047 3028 εἰς
1078 2953 1153 3028 τους
1187 2952 1325 3035 [αότοό]ς
1351 2951 1468 3032 λόγους
1491 2954 1708 3042 ἐττα[ρ]λχε[ϊαι

598 3062 628 3122 Γ
624 3058 756 3134 aleluia
775 3053 931 3120 Ἰσπανία
957 3056 1070 3142 Λιβύη
1094 3055 1240 3139 §duellos
1262 3055 1400 3138 Eapldni.

350 3192 412 3254 Lat.
436 3193 456 3252 4
478 3210 531 3272 pro
559 3191 648 3269 blello]
670 3188 815 3268 Bergkius
838 3188 918 3250 dedit
939 3189 1023 3266 b[elb']
1048 3196 1168 3270 propter
1190 3187 1333 3268 spatium,
1363 3197 1452 3250 recte.
1475 3217 1517 3230 -
1538 3183 1633 3246 Verba
1656 3203 1709 3265 ηυο

349 3299 406 3356 οἱα·
431 3294 468 3356 od
494 3294 605 3355 Actissm
632 3292 762 3372 primum
784 3309 801 3352 a
822 3290 945 3352 Perroto
975 3291 1239 3370 Mordtmannoque
1268 3299 1388 3371 excepta
1415 3299 1500 3366 sunt,
1530 3300 1598 3351 ante
1626 3289 1709 3350 foede

353 3404 491 3476 corrupta
514 3414 609 3474 neque
631 3394 786 3458 intellecta.
811 3431 853 3440 -
876 3395 925 3456 Gr.
943 3393 982 3457 18
1005 3403 1140 3476 superest
1164 3395 1203 3456 17
1225 3391 1466 3463 olensnrror.

450 3497 585 3560 Pertinet
605 3507 694 3578 caput
714 3498 749 3560 ad
772 3518 797 3560 ο.
815 3498 886 3572 722,
909 3517 977 3560 cum
1000 3497 1128 3559 instante
1151 3497 1225 3558 bebo
1244 3497 1322 3560 inter
1336 3496 1496 3559 Antonium
1512 3502 1542 3556 et
1557 3492 1709 3554 Caesarem

351 3610 476 3681 umrque
505 3601 599 3662 socios
627 3599 814 3663 iureiurando
842 3601 899 3663 sihi
926 3599 1084 3662 obstrinxit
1111 3600 1177 3677 (Dio
1204 3602 1255 3674 50,
1271 3600 1322 3680 6);
1349 3598 1709 3675 ct'.Sueton.Aug.17:

350 3703 579 3767 Bononiensibus
596 3703 710 3782 publice
729 3707 854 3784 protiom
874 3705 941 3785 [ecit
963 3705 1138 3766 coniurandi
1156 3723 1221 3766 οαοι
1241 3713 1301 3766 toto
1316 3701 1403 3765 ltols'o
1420 3720 1475 3783 pro
1494 3700 1627 3782 portibus
1641 3704 1709 3762 suis.

342 3806 521 3869 ‘Provincias
548 3815 704 3868 enumerat
724 3807 812 3869 etiem
835 3806 888 3868 Dio
910 3807 929 3868 l.
952 3825 993 3868 ατ
1016 3807 1191 3889 (Καίσαρι)
1214 3801 1235 3891 ἢ
1256 3825 1291 3868 τε
1307 3800 1432 3868 Ἰταλία
1453 3803 1510 3866 καὶ
1525 3800 1545 3887 ἡ
1563 3801 1711 3866 Γαλατία

351 3905 390 3972 τό
416 3929 452 3971 τι
474 3904 634 3991 Ἰβηρικὸν
660 3907 717 3970 καὶ
744 3907 781 3972 τό
799 3905 977 3990 Ἰλλυρικόν
998 3907 1054 3971 καὶ
1080 3905 1208 3988 Λιβόες
1230 3911 1265 3982 ολ
1286 3930 1322 3970 τε
1343 3906 1379 3969 ἐκ
1401 3907 1460 3970 τοῦ
1482 3907 1563 3990 πρὶν
1585 3904 1711 3988 ῥωμαλ-

354 4009 461 4085 ζοντες
488 4009 577 4093 πλην
603 4012 667 4075 τῶν
695 4012 774 4096 περὶ
795 4012 854 4096 την
880 4011 1029 4095 Κυρήνην
1051 4011 1107 4074 καὶ
1130 4009 1163 4075 οἳ
1185 4011 1244 4075 τοῦ
1267 4005 1420 4089 Βογοόου
1441 4011 1557 4073 τοῦτο
1580 4005 1710 4088 Βόκχου

352 4111 520 4195 γεγονότες
542 4112 659 4196 Σαρόοό
687 4137 722 4176 τε
748 4115 804 4176 καὶ
826 4113 964 4177 Σικελία
989 4113 1045 4176 καὶ
1071 4110 1107 4175 αἱ
1130 4110 1229 4176 ἄλλαι
1252 4114 1347 4196 νῆσοι
1370 4111 1407 4174 αἱ
1428 4123 1502 4187 ταῖς
1524 4109 1711 4195 εἰρημέναις

353 4213 503 4301 ἠπείροις
525 4227 701 4299 προσεχεῖς
723 4211 967 4301 συνεμάχησαν,
989 4217 1019 4279 id
1040 4226 1086 4279 est
1107 4219 1168 4278 iere
1190 4217 1306 4278 easdem
1330 4216 1492 4296 eodemque
1514 4218 1576 4278 iere
1598 4215 1709 4288 ordine,

354 4322 404 4383 sed
438 4321 518 4384 addit
543 4321 705 4401 Illyricum,
739 4320 818 4401 quod
847 4328 1001 4401 propterea
1027 4318 1124 4380 verbis
1150 4319 1276 4400 Augusti
1304 4318 1459 4400 Zumptius
1486 4329 1620 4381 extremo
1647 4318 1710 4380 loco

352 4424 492 4496 inseruit,
523 4443 576 4503 ego
604 4443 673 4487 casu
702 4424 846 4486 omissum
872 4443 937 4486 esse
959 4422 1048 4485 statui
1071 4422 1101 4484 C.
1118 4423 1140 4483 l.
1156 4420 1188 4483 L.
1205 4423 1245 4484 [ΙΙ
1266 4442 1295 4503 p.
1311 4421 1373 4485 279
1396 4423 1446 4500 (ci.
1470 4421 1538 4484 bist
1561 4421 1648 4484 Rom.
1670 4420 1708 4482 3²

353 4548 382 4615 p.
406 4526 490 4607 540).
534 4525 679 4590 Neutrum
705 4545 808 4590 verum
836 4538 896 4601 est3
923 4545 991 4588 nam
1018 4524 1106 4587 etiam
1135 4526 1227 4588 altero
1252 4525 1369 4599 lomb,
1393 4524 1708 4605 bbdugustuscolo-

353 4631 418 4693 nias
440 4647 617 4692 enumerans
639 4630 669 4691 in
690 4630 771 4692 ltalia
793 4630 874 4692 etin
896 4627 1053 4711 provinciis
1075 4647 1092 4689 a
1114 4647 1145 4689 se
1168 4627 1307 4691 deductas
1328 4629 1438 4711 pariter
1459 4637 1547 4709 atque
1575 4629 1623 4690 bic
1643 4627 1710 4706 llly-

353 4733 449 4796 ricum
472 4731 621 4815 praeteriit
641 4751 783 4814 paresque
802 4736 862 4795 fere
883 4733 928 4794 vel
943 4733 1031 4794 etiam
1048 4731 1173 4794 maiores
1187 4731 1374 4794 difficultates
1388 4732 1458 4794 inde
1471 4731 1637 4813 pariuntur,
1658 4729 1708 4792 sed

354 4837 492 4900 neutrubi
515 4835 589 4898 meri
610 4837 718 4899 erroris
741 4835 957 4899 excusationem
980 4834 1093 4898 admitti
1110 4854 1197 4916 posse
1211 4835 1270 4898 iam
1285 4854 1373 4898 nemo
1389 4834 1515 4916 negabit.
1545 4835 1641 4897 lmmo
1656 4852 1709 4895 ne-
