3812 5580
350 477 413 542 148
940 471 988 540 VI,
1010 473 1113 528 13-23

346 677 401 720 nec
416 667 548 738 tempore
563 655 725 736 praefinito,
741 654 871 735 primum
887 653 1037 714 universas
1054 653 1168 715 senatui
1183 652 1316 727 reddidit,
1341 652 1444 714 deinde
1460 662 1572 734 partem
1588 671 1700 726 earum,

345 762 486 824 nimirum
514 781 563 823 eas
589 777 663 839 quae
686 759 822 838 deinceps
846 756 976 818 Caesaris
998 757 1054 819 dici
1076 767 1195 839 coeptae
1218 766 1304 830 sunt,
1331 757 1373 818 ita
1393 757 1512 838 recepit,
1536 767 1571 819 ut
1591 758 1626 820 ad
1649 758 1702 818 de·

345 866 483 927 cennium
506 864 542 926 iis
563 870 712 945 praeesset
733 862 798 922 loco
820 859 1031 940 proconsulari,
1055 869 1089 922 ut
1110 859 1135 921 si
1157 879 1217 922 non
1240 879 1316 932 vere,
1339 869 1418 922 certe
1440 879 1501 922 non
1524 859 1588 922 sine
1604 859 1701 940 specie

344 968 405 1029 veri
427 969 483 1030 dici
505 976 605 1048 posset
632 965 690 1027 iam
712 964 879 1044 Augustum
909 964 973 1026 iure
1001 983 1060 1027 non
1091 964 1207 1026 differre
1229 983 1245 1025 a
1268 963 1372 1025 ceteris
1395 963 1464 1025 viris
1487 963 1700 1037 consularibus,

343 1073 393 1151 qui
423 1090 439 1133 a
466 1080 571 1133 senatu
598 1067 777 1150 provinciam
800 1068 1005 1129 obtinuissent.
1051 1067 1192 1130 Similiter
1215 1067 1244 1128 in
1266 1067 1386 1146 reliquis
1409 1087 1526 1148 quoque
1547 1069 1700 1146 Augustus

343 1184 410 1256 post
436 1175 601 1257 depositum
632 1171 893 1235 extraordinarium
922 1172 965 1232 rei
994 1171 1126 1252 publicae
1153 1171 1374 1232 constituendae
1402 1170 1572 1242 arbitrium,
1600 1170 1630 1231 id
1655 1180 1701 1232 est

342 1288 410 1359 post
436 1278 553 1341 linitum
581 1276 813 1348 triumuiratum,
842 1283 1012 1336 contentum
1043 1293 1073 1336 se
1100 1274 1141 1334 ait
1167 1273 1257 1334 luisse
1285 1273 1349 1334 iure
1376 1273 1538 1348 ordinario,
1567 1282 1601 1335 ut
1627 1272 1698 1334 item

342 1391 426 1444 antea
450 1383 511 1460 (Gr.
527 1381 557 1454 3,
582 1381 633 1454 17)
657 1387 781 1440 testatus
804 1386 850 1439 est
871 1377 984 1440 ntdlum
1009 1377 1210 1456 magistratum
1235 1385 1337 1438 contra
1359 1377 1469 1457 patrios
1484 1396 1584 1439 mores
1599 1395 1700 1457 gerere

342 1505 374 1548 se
403 1484 529 1547 voluisse
556 1493 587 1544 et
612 1490 764 1563 propterea
794 1500 894 1543 curam
917 1482 1013 1561 legum
1042 1490 1072 1543 et
1099 1498 1217 1542 morum
1245 1489 1290 1542 ter
1316 1481 1371 1542 sibi
1393 1479 1519 1542 oblatam
1543 1490 1588 1542 ter
1609 1499 1700 1560 repu-

342 1589 444 1650 diasse.
488 1587 526 1648 Et
550 1603 618 1648 vere
644 1586 674 1646 id
694 1586 844 1664 Augustus
867 1585 1032 1660 contendit3
1059 1585 1110 1646 sed
1132 1593 1240 1656 umen,
1263 1602 1302 1645 ne
1323 1584 1448 1647 nimium
1472 1584 1578 1646 dixisse
1600 1583 1700 1670 videa-

341 1711 425 1766 mur,
458 1690 621 1753 accuratius
654 1688 751 1770 paullo
784 1706 832 1749 res
866 1689 1028 1750 delinienda
1060 1698 1107 1750 est
1132 1697 1162 1749 et
1189 1687 1389 1749 moderatione
1415 1688 1539 1768 quadam
1569 1686 1699 1748 adbibita

341 1795 540 1876 temperanda.
583 1793 657 1854 Nam
684 1793 730 1854 vel
756 1811 792 1853 ex
818 1792 878 1854 sola
901 1793 963 1872 lege
985 1792 1021 1853 de
1043 1791 1166 1874 imperio
1188 1791 1358 1872 Vespasiani
1379 1801 1495 1853 constat
1516 1810 1575 1852 uon
1600 1791 1697 1853 solum

340 1898 485 1980 plerisque
507 1898 620 1978 legibus
642 1896 755 1977 plebiae
776 1895 858 1957 scitis
881 1904 1034 1977 exceptum
1058 1895 1159 1969 luisse,
1181 1913 1218 1956 ne
1233 1896 1384 1974 Augustus
1407 1894 1443 1956 iis
1459 1903 1620 1968 teneretur,
1644 1895 1697 1955 sed

339 2002 427 2064 etiam
449 2003 581 2082 Augusto
613 2000 676 2080 lege
701 1999 819 2061 licuisse
845 2000 947 2060 loedus
977 2002 1086 2074 lacere,
1109 2017 1178 2060 cum
1205 1999 1313 2078 quibus
1340 1997 1440 2071 vellet,
1470 2007 1605 2059 senatum
1627 2015 1697 2058 eum

338 2105 446 2168 babere
468 2104 599 2185 potuisse
621 2123 689 2165 cum
712 2102 798 2163 vellet
819 2121 858 2163 ne
878 2103 1007 2182 legitima
1029 2103 1149 2183 quidem
1180 2101 1324 2163 edictione
1353 2100 1517 2174 obsessam,
1547 2101 1578 2162 in
1601 2101 1698 2180 magi-

339 2209 479 2270 stratibus
506 2207 638 2270 creandis
665 2225 782 2277 eorum,
805 2224 880 2285 quos
902 2205 1073 2285 suffragium
1095 2205 1257 2267 serentibus
1279 2204 1430 2283 Augustus
1453 2203 1697 2275 commendasset,

338 2312 403 2374 iure
431 2320 512 2373 extra
538 2309 671 2372 ordinem
699 2308 843 2370 rationem
870 2309 1033 2370 habendam
1062 2308 1166 2382 luisse,
1194 2308 1318 2387 denique
1344 2306 1391 2369 ius
1413 2315 1646 2387 potestatemque
1669 2303 1699 2366 ei

338 2417 430 2478 luisse
451 2435 535 2496 agere
557 2419 651 2477 lacere
672 2431 874 2493 quaecumque
896 2412 1060 2474 divinarum
1083 2413 1279 2473 humanarum
1301 2411 1484 2492 publicarum
1499 2410 1698 2491 privatarum-

339 2539 396 2600 que
428 2539 527 2580 rerum
563 2539 599 2580 ex
630 2537 687 2580 usu
714 2517 756 2578 rei
782 2515 914 2596 publicae
941 2535 1004 2576 esse
1032 2515 1209 2588 censuisset;
1238 2515 1316 2594 quod
1344 2513 1390 2575 ius
1418 2524 1484 2594 apte
1511 2511 1699 2574 concluditur

340 2621 510 2682 delinitione
533 2621 640 2683 Gaiana
662 2621 705 2700 (1,
729 2618 761 2697 5)
784 2639 939 2701 numquam
963 2619 1122 2680 dubitatum
1143 2637 1209 2690 esse,
1233 2623 1301 2700 quio
1322 2619 1353 2680 id
1375 2617 1449 2699 quod
1470 2621 1625 2697 imperator
1644 2615 1696 2677 de·

339 2736 413 2786 creto
442 2725 488 2786 vel
514 2724 600 2786 edicto
626 2723 673 2786 vel
698 2725 821 2803 epistula
843 2726 1040 2795 constituisset,
1068 2723 1136 2803 lepis
1157 2726 1245 2785 vicem
1267 2723 1412 2784 obtineret.
1455 2719 1616 2800 Imperium
1638 2719 1697 2780 boc

337 2828 406 2890 licet
439 2847 494 2889 nec
519 2847 552 2889 re
579 2845 634 2888 nec
660 2836 793 2906 tempore
820 2845 875 2887 uec
901 2826 965 2887 loco
993 2825 1110 2888 linitum
1138 2835 1168 2886 et
1194 2824 1456 2886 extraordinarium
1487 2824 1530 2885 vel
1558 2820 1695 2894 maxime,

337 2931 429 2992 nihilo
459 2931 557 2993 minus
584 2929 759 3011 applicatum
789 2930 1005 3009 quodammodo
1034 2929 1070 2990 ad
1091 2928 1214 3008 imperia
1236 2927 1381 2989 ordinaria
1402 2929 1535 3006 Augusto
1558 2925 1696 2986 mandata

338 3033 402 3094 iure
424 3032 461 3094 ab
482 3033 518 3094 iis
539 3033 687 3114 pependit.
724 3032 869 3094 Nimirum
892 3034 1041 3112 Augustus
1063 3032 1177 3112 legibus
1199 3033 1366 3094 solvebatur
1387 3049 1447 3092 nou
1471 3029 1617 3103 omnibus,
1641 3029 1694 3090 sed

337 3137 372 3197 iis
405 3136 513 3216 quibus
546 3156 620 3216 opus
653 3137 724 3206 luit,
757 3137 797 3198 ita
829 3155 897 3197 cum
925 3137 952 3196 ei
980 3136 1045 3197 data
1073 3147 1119 3198 est
1144 3134 1360 3216 proconsularis
1388 3141 1518 3213 potestas
1548 3133 1578 3193 in
1605 3131 1695 3193 certis

337 3239 513 3318 quibusdam
540 3240 712 3319 provinciis,
745 3240 807 3319 lege
834 3257 882 3307 ea.
911 3257 949 3300 ne
976 3238 1132 3320 proconsul
1161 3238 1192 3298 in
1219 3237 1292 3300 urbe
1321 3243 1484 3298 moraretur
1510 3254 1584 3297 neve
1611 3244 1694 3296 extra

336 3342 516 3422 provinciam
542 3343 720 3405 constitutus
742 3342 907 3423 provinciae
928 3350 1091 3423 praeesset,
1119 3343 1190 3403 item
1214 3359 1281 3404 cum
1306 3338 1492 3402 tribuniciam
1515 3345 1693 3418 potestatem

336 3445 462 3527 accepit,
490 3465 537 3520 ea,
564 3465 601 3508 ne
630 3446 769 3526 patricius
798 3447 887 3507 bomo
914 3445 944 3507 in
968 3445 1106 3507 subsellio
1128 3444 1286 3506 tribunicio
1308 3443 1482 3505 consideret.
1527 3443 1598 3503 ltem
1623 3460 1694 3502 cum

336 3548 372 3610 ad
394 3549 535 3629 populum
557 3553 692 3625 terretur,
717 3559 750 3613 ut
771 3550 818 3610 ius
840 3551 867 3611 ei
889 3558 969 3610 esset
986 3548 1066 3629 pacis
1081 3548 1216 3628 bellique,
1241 3547 1325 3609 cuius
1339 3547 1411 3627 legis
1426 3545 1608 3608 mentionem
1623 3544 1696 3606 lacit

337 3652 455 3726 Strabo,
482 3663 512 3714 et
538 3653 709 3734 privilegiis,
737 3671 811 3734 quac
840 3671 929 3732 supra
955 3670 991 3713 ex
1020 3653 1082 3732 lege
1112 3653 1148 3714 de
1171 3651 1347 3732 Vespasiano
1374 3650 1542 3722 attulimus,
1570 3647 1694 3729 aliisque

335 3755 480 3818 similibus
513 3765 547 3819 ut
578 3766 724 3832 uteretur,
761 3757 912 3836 Augustus
939 3756 1131 3818 nibilominus
1158 3755 1328 3818 adseverare
1361 3753 1459 3834 potuit
1491 3752 1694 3814 extraordina-

334 3859 413 3921 rium
435 3860 481 3921 ius
504 3879 535 3922 se
558 3860 696 3922 babuisse
719 3861 918 3933 triumvirum,
940 3868 1042 3940 postea
1064 3859 1211 3921 ordinario
1233 3859 1298 3920 iure
1320 3877 1352 3919 se
1375 3876 1463 3919 usum
1484 3875 1558 3929 esse,
1581 3855 1696 3918 scilicet

335 3963 496 4044 posteriore
519 3972 651 4045 ternpore
673 3965 783 4025 nullam
806 3963 863 4024 iam
887 3971 1061 4043 potestatem
1085 3982 1115 4024 se
1138 3962 1290 4034 habuisse,
1313 3981 1388 4040 quae
1410 3979 1464 4021 sua
1485 3959 1513 4020 vi
1535 3968 1565 4021 et
1586 3968 1694 4021 natura

335 4067 561 4128 extraordinaria
590 4077 682 4143 esset;
710 4076 871 4149 potestates
898 4066 954 4128 sibi
981 4066 1132 4128 mandatas
1159 4067 1279 4127 nomine
1309 4063 1468 4125 ordinarias
1497 4063 1536 4124 ita
1565 4063 1694 4125 crevisse

334 4168 472 4232 clausulis
492 4170 621 4246 adiectis,
644 4181 678 4232 ut
698 4171 858 4250 legitimam
873 4179 1048 4250 potestatem
1065 4169 1185 4231 baberet
1199 4168 1320 4248 reliquis
1336 4165 1554 4248 magistratibus
1569 4167 1694 4227 omnino

335 4273 474 4334 maiorem
503 4283 533 4334 et
561 4293 577 4334 a
604 4282 749 4354 potestate
779 4273 952 4336 triumvirali
979 4292 1014 4334 eo
1043 4282 1157 4335 tanturm
1185 4273 1347 4340 diversam,
1374 4269 1452 4349 quod
1480 4270 1543 4330 sine
1569 4269 1693 4330 nomine

333 4387 419 4450 esset,
442 4397 502 4439 non
524 4388 619 4457 negat,
641 4379 734 4439 immo
756 4378 797 4439 ait
818 4378 880 4459 ipse
902 4377 970 4438 alibi
992 4377 1055 4456 (Gr.
1071 4375 1100 4450 3,
1125 4377 1233 4456 resq.)
1255 4374 1420 4454 significans
1435 4373 1598 4452 posteriora
1613 4382 1693 4433 tem-

332 4498 404 4560 pure
431 4480 456 4541 si
482 4499 539 4559 qua
565 4489 645 4542 extra
668 4481 801 4542 ordinem
825 4480 880 4542 sibi
901 4479 1076 4560 perficienda
1098 4487 1211 4553 essent,
1239 4499 1271 4540 ea
1293 4477 1440 4557 peregisse
1463 4495 1494 4537 se
1516 4495 1572 4556 ope
1594 4475 1694 4539 tribu-

332 4584 424 4646 niciae
445 4585 608 4665 potestatis.
644 4585 752 4648 lisdem
775 4587 835 4646 lere
864 4583 960 4645 verbis
982 4583 1101 4644 Tacitus
1124 4583 1205 4662 (ann.
1224 4585 1256 4656 1,
1275 4584 1301 4643 1.
1318 4580 1349 4654 2)
1365 4578 1556 4661 posteriorem
1573 4580 1692 4660 imperii

331 4697 443 4768 partem
477 4687 637 4768 respiciens
664 4690 831 4768 Augustum
859 4687 960 4748 scribit
988 4687 1138 4748 consulem
1169 4705 1200 4748 se
1228 4689 1371 4746 serentem
1394 4692 1424 4744 et
1446 4681 1594 4744 tribunicii
1616 4683 1691 4744 iuris

331 4791 427 4873 specie
458 4791 608 4872 paullatim
643 4792 838 4854 insurrexisse
870 4789 1027 4869 muniaque
1060 4799 1180 4852 senatus
1214 4789 1439 4868 magistratuum
1470 4786 1568 4866 legum
1597 4785 1627 4847 in
1658 4805 1692 4848 se

333 4897 462 4970 traxisse,
485 4894 613 4977 denique
634 4896 754 4958 nomine
776 4894 917 4978 principis
940 4903 1045 4956 cuncta
1068 4892 1123 4954 sub
1145 4893 1302 4975 imperium
1323 4890 1479 4972 accepisse.
1522 4890 1566 4952 lta
1587 4898 1693 4952 auctor
