<?xml version="1.0" encoding="UTF-8"?>
<!DOCTYPE html PUBLIC "-//W3C//DTD XHTML 1.0 Transitional//EN"
    "http://www.w3.org/TR/xhtml1/DTD/xhtml1-transitional.dtd">
<html xmlns="http://www.w3.org/1999/xhtml" xml:lang="en" lang="en">
 <head>
  <title>
</title>
<meta http-equiv="Content-Type" content="text/html;charset=utf-8" />
  <meta name='ocr-system' content='tesseract 3.04.00' />
  <meta name='ocr-capabilities' content='ocr_page ocr_carea ocr_par ocr_line ocrx_word'/>
</head>
<body>
  <div class='ocr_page' id='page_1' title='image "./resgestaediviau03augugoog_0023.png"; bbox 0 0 3796 5588; ppageno 0'>
   <div class='ocr_carea' id='block_1_1' title="bbox 388 396 455 453">
    <p class='ocr_par' dir='ltr' id='par_1_1' title="bbox 388 396 455 453">
     <span class='ocr_line' id='line_1_1' title="bbox 388 396 455 453; baseline 0.03 -2"><span class='ocrx_word' id='word_1_1' title='bbox 388 396 455 453; x_wconf 87' lang='lat' dir='ltr'><strong>XVI</strong></span> 
     </span>
    </p>
   </div>
   <div class='ocr_carea' id='block_1_2' title="bbox 388 555 1747 1280">
    <p class='ocr_par' dir='ltr' id='par_1_2' title="bbox 388 555 1747 1280">
     <span class='ocr_line' id='line_1_2' title="bbox 389 555 1746 660; baseline -0.001 -20"><span class='ocrx_word' id='word_1_2' title='bbox 389 579 469 640; x_wconf 89' lang='lat' dir='ltr'><strong>venit</strong></span> <span class='ocrx_word' id='word_1_3' title='bbox 498 598 513 641; x_wconf 93' lang='lat' dir='ltr'><strong>a</strong></span> <span class='ocrx_word' id='word_1_4' title='bbox 540 577 635 660; x_wconf 90' lang='lat' dir='ltr'><strong>prima</strong></span> <span class='ocrx_word' id='word_1_5' title='bbox 662 577 765 658; x_wconf 81' lang='lat' dir='ltr'>pagina</span> <span class='ocrx_word' id='word_1_6' title='bbox 798 576 833 639; x_wconf 88' lang='lat' dir='ltr'><strong>ad</strong></span> <span class='ocrx_word' id='word_1_7' title='bbox 861 577 1016 658; x_wconf 79' lang='lat' dir='ltr'>septimam</span> <span class='ocrx_word' id='word_1_8' title='bbox 1041 575 1194 637; x_wconf 81' lang='lat' dir='ltr'><strong>decimam.</strong></span> <span class='ocrx_word' id='word_1_9' title='bbox 1244 574 1334 637; x_wconf 85' lang='lat' dir='ltr'><strong>Fiunt</strong></span> <span class='ocrx_word' id='word_1_10' title='bbox 1359 595 1462 638; x_wconf 82' lang='lat' dir='ltr'><strong>versus</strong></span> <span class='ocrx_word' id='word_1_11' title='bbox 1491 576 1617 658; x_wconf 84' lang='lat' dir='ltr'><strong>exempli</strong></span> <span class='ocrx_word' id='word_1_12' title='bbox 1644 555 1746 640; x_wconf 78' lang='lat' dir='ltr'><strong>iiraeci</strong></span> 
     </span>
     <span class='ocr_line' id='line_1_3' title="bbox 389 678 1747 762; baseline -0.001 -18"><span class='ocrx_word' id='word_1_13' title='bbox 389 701 492 745; x_wconf 87' lang='lat' dir='ltr'><strong>omnes</strong></span> <span class='ocrx_word' id='word_1_14' title='bbox 519 691 637 762; x_wconf 83' lang='lat' dir='ltr'><strong>excepta</strong></span> <span class='ocrx_word' id='word_1_15' title='bbox 664 681 854 761; x_wconf 78' lang='lat' dir='ltr'><strong>inscriptione</strong></span> <span class='ocrx_word' id='word_1_16' title='bbox 881 680 958 753; x_wconf 83' lang='grc'>436,</span> <span class='ocrx_word' id='word_1_17' title='bbox 987 689 1021 741; x_wconf 93' lang='lat' dir='ltr'><strong>ut</strong></span> <span class='ocrx_word' id='word_1_18' title='bbox 1046 679 1076 740; x_wconf 92' lang='lat' dir='ltr'><strong>in</strong></span> <span class='ocrx_word' id='word_1_19' title='bbox 1105 678 1274 741; x_wconf 86' lang='lat' dir='ltr'><strong>universum</strong></span> <span class='ocrx_word' id='word_1_20' title='bbox 1305 698 1405 741; x_wconf 80' lang='lat' dir='ltr'><strong>versus</strong></span> <span class='ocrx_word' id='word_1_21' title='bbox 1428 679 1549 742; x_wconf 89' lang='lat' dir='ltr'><strong>Latinus</strong></span> <span class='ocrx_word' id='word_1_22' title='bbox 1570 680 1747 761; x_wconf 88' lang='lat' dir='ltr'><strong>respondeat</strong></span> 
     </span>
     <span class='ocr_line' id='line_1_4' title="bbox 389 781 1744 864; baseline -0.001 -17"><span class='ocrx_word' id='word_1_23' title='bbox 389 786 499 847; x_wconf 88' lang='lat' dir='ltr'><strong>Graeco</strong></span> <span class='ocrx_word' id='word_1_24' title='bbox 525 785 622 847; x_wconf 83' lang='lat' dir='ltr'><strong>versui</strong></span> <span class='ocrx_word' id='word_1_25' title='bbox 649 785 701 846; x_wconf 92' lang='lat' dir='ltr'><strong>uni</strong></span> <span class='ocrx_word' id='word_1_26' title='bbox 724 785 827 859; x_wconf 82' lang='lat' dir='ltr'><strong>semis,</strong></span> <span class='ocrx_word' id='word_1_27' title='bbox 853 784 958 864; x_wconf 82' lang='lat' dir='ltr'><strong>pagina</strong></span> <span class='ocrx_word' id='word_1_28' title='bbox 980 783 1088 845; x_wconf 87' lang='lat' dir='ltr'><strong>Graeca</strong></span> <span class='ocrx_word' id='word_1_29' title='bbox 1110 782 1244 844; x_wconf 86' lang='lat' dir='ltr'><strong>versibus</strong></span> <span class='ocrx_word' id='word_1_30' title='bbox 1271 781 1382 844; x_wconf 91' lang='lat' dir='ltr'><strong>Latinis</strong></span> <span class='ocrx_word' id='word_1_31' title='bbox 1410 782 1546 846; x_wconf 81' lang='lat' dir='ltr'><strong>sedecim.</strong></span> <span class='ocrx_word' id='word_1_32' title='bbox 1595 783 1744 846; x_wconf 73' lang='lat' dir='ltr'><strong>Elementa</strong></span> 
     </span>
     <span class='ocr_line' id='line_1_5' title="bbox 388 884 1744 970; baseline 0 -21"><span class='ocrx_word' id='word_1_33' title='bbox 388 889 496 950; x_wconf 90' lang='lat' dir='ltr'><strong>habent</strong></span> <span class='ocrx_word' id='word_1_34' title='bbox 518 907 619 951; x_wconf 83' lang='lat' dir='ltr'><strong>versus</strong></span> <span class='ocrx_word' id='word_1_35' title='bbox 636 888 731 951; x_wconf 88' lang='lat' dir='ltr'><strong>Latini</strong></span> <span class='ocrx_word' id='word_1_36' title='bbox 753 889 820 970; x_wconf 93' lang='lat' dir='ltr'><strong>plus</strong></span> <span class='ocrx_word' id='word_1_37' title='bbox 842 887 942 949; x_wconf 91' lang='lat' dir='ltr'><strong>minus</strong></span> <span class='ocrx_word' id='word_1_38' title='bbox 965 905 1114 966; x_wconf 82' lang='lat' dir='ltr'><strong>sexagena,</strong></span> <span class='ocrx_word' id='word_1_39' title='bbox 1139 885 1240 947; x_wconf 91' lang='lat' dir='ltr'><strong>Graeci</strong></span> <span class='ocrx_word' id='word_1_40' title='bbox 1261 884 1340 946; x_wconf 89' lang='lat' dir='ltr'><strong>inter</strong></span> <span class='ocrx_word' id='word_1_41' title='bbox 1361 885 1471 949; x_wconf 88' lang='lat' dir='ltr'><strong>tricena</strong></span> <span class='ocrx_word' id='word_1_42' title='bbox 1493 896 1523 949; x_wconf 88' lang='lat' dir='ltr'><strong>ct</strong></span> <span class='ocrx_word' id='word_1_43' title='bbox 1544 889 1744 968; x_wconf 79' lang='lat' dir='ltr'><strong>quadragena3</strong></span> 
     </span>
     <span class='ocr_line' id='line_1_6' title="bbox 388 988 1745 1072; baseline 0 -18"><span class='ocrx_word' id='word_1_44' title='bbox 388 1007 502 1055; x_wconf 87' lang='lat' dir='ltr'><strong>exarata</strong></span> <span class='ocrx_word' id='word_1_45' title='bbox 529 1002 627 1054; x_wconf 88' lang='lat' dir='ltr'><strong>autern</strong></span> <span class='ocrx_word' id='word_1_46' title='bbox 657 1002 728 1055; x_wconf 90' lang='lat' dir='ltr'><strong>sunt</strong></span> <span class='ocrx_word' id='word_1_47' title='bbox 754 1010 858 1072; x_wconf 92' lang='lat' dir='ltr'><strong>parum</strong></span> <span class='ocrx_word' id='word_1_48' title='bbox 889 989 1079 1071; x_wconf 74' lang='lat' dir='ltr'><strong>aequabiliter</strong></span> <span class='ocrx_word' id='word_1_49' title='bbox 1108 988 1196 1050; x_wconf 89' lang='lat' dir='ltr'><strong>modo</strong></span> <span class='ocrx_word' id='word_1_50' title='bbox 1222 988 1279 1050; x_wconf 89' lang='lat' dir='ltr'><strong>late</strong></span> <span class='ocrx_word' id='word_1_51' title='bbox 1307 988 1424 1050; x_wconf 89' lang='lat' dir='ltr'><strong>diducta</strong></span> <span class='ocrx_word' id='word_1_52' title='bbox 1453 990 1541 1052; x_wconf 90' lang='lat' dir='ltr'><strong>modo</strong></span> <span class='ocrx_word' id='word_1_53' title='bbox 1567 1010 1668 1072; x_wconf 88' lang='lat' dir='ltr'><strong>pressa</strong></span> <span class='ocrx_word' id='word_1_54' title='bbox 1690 1010 1745 1053; x_wconf 88' lang='lat' dir='ltr'><strong>aa·</strong></span> 
     </span>
     <span class='ocr_line' id='line_1_7' title="bbox 388 1091 1743 1176; baseline -0.001 -18"><span class='ocrx_word' id='word_1_55' title='bbox 388 1106 488 1176; x_wconf 83' lang='lat' dir='ltr'><strong>gusta,</strong></span> <span class='ocrx_word' id='word_1_56' title='bbox 516 1096 601 1158; x_wconf 90' lang='lat' dir='ltr'><strong>cuius</strong></span> <span class='ocrx_word' id='word_1_57' title='bbox 630 1095 875 1176; x_wconf 88' lang='lat' dir='ltr'><strong>inaequabilitatis</strong></span> <span class='ocrx_word' id='word_1_58' title='bbox 902 1095 1034 1174; x_wconf 83' lang='lat' dir='ltr'><strong>exempla</strong></span> <span class='ocrx_word' id='word_1_59' title='bbox 1062 1092 1204 1172; x_wconf 86' lang='lat' dir='ltr'><strong>quaedam</strong></span> <span class='ocrx_word' id='word_1_60' title='bbox 1237 1091 1395 1170; x_wconf 81' lang='lat' dir='ltr'><strong>insigniora</strong></span> <span class='ocrx_word' id='word_1_61' title='bbox 1423 1094 1576 1157; x_wconf 83' lang='lat' dir='ltr'><strong>attulimus</strong></span> <span class='ocrx_word' id='word_1_62' title='bbox 1598 1114 1627 1176; x_wconf 87' lang='lat' dir='ltr'><strong>p.</strong></span> <span class='ocrx_word' id='word_1_63' title='bbox 1644 1096 1685 1157; x_wconf 87' lang='grc'><strong>49</strong></span> <span class='ocrx_word' id='word_1_64' title='bbox 1707 1096 1743 1157; x_wconf 85' lang='grc'><strong>66</strong></span> 
     </span>
     <span class='ocr_line' id='line_1_8' title="bbox 388 1191 1743 1280; baseline 0 -23"><span class='ocrx_word' id='word_1_65' title='bbox 388 1196 417 1272; x_wconf 95' lang='grc'><strong>2,</strong></span> <span class='ocrx_word' id='word_1_66' title='bbox 441 1197 480 1259; x_wconf 83' lang='grc'><strong>37</strong></span> <span class='ocrx_word' id='word_1_67' title='bbox 504 1207 534 1260; x_wconf 91' lang='lat' dir='ltr'><strong>et</strong></span> <span class='ocrx_word' id='word_1_68' title='bbox 555 1219 584 1280; x_wconf 90' lang='lat' dir='ltr'><strong>p.</strong></span> <span class='ocrx_word' id='word_1_69' title='bbox 602 1200 662 1261; x_wconf 84' lang='lat'><strong>100</strong></span> <span class='ocrx_word' id='word_1_70' title='bbox 685 1198 719 1260; x_wconf 90' lang='lat' dir='ltr'><strong>ad</strong></span> <span class='ocrx_word' id='word_1_71' title='bbox 744 1199 772 1272; x_wconf 88' lang='lat'><strong>5,</strong></span> <span class='ocrx_word' id='word_1_72' title='bbox 789 1199 823 1273; x_wconf 80' lang='lat'><strong>83</strong></span> <span class='ocrx_word' id='word_1_73' title='bbox 850 1197 935 1277; x_wconf 89' lang='lat' dir='ltr'><strong>plene</strong></span> <span class='ocrx_word' id='word_1_74' title='bbox 952 1191 1026 1259; x_wconf 77' lang='grc'>’6666</span> <span class='ocrx_word' id='word_1_75' title='bbox 1056 1204 1279 1278; x_wconf 81' lang='lat' dir='ltr'><strong>repraesentant</strong></span> <span class='ocrx_word' id='word_1_76' title='bbox 1305 1195 1419 1257; x_wconf 91' lang='lat' dir='ltr'><strong>tabulae</strong></span> <span class='ocrx_word' id='word_1_77' title='bbox 1441 1196 1583 1259; x_wconf 86' lang='lat' dir='ltr'><strong>volumini</strong></span> <span class='ocrx_word' id='word_1_78' title='bbox 1605 1197 1743 1260; x_wconf 86' lang='lat' dir='ltr'><strong>adiectae.</strong></span> 
     </span>
    </p>
   </div>
   <div class='ocr_carea' id='block_1_3' title="bbox 855 1534 1274 1607">
    <p class='ocr_par' dir='ltr' id='par_1_3' title="bbox 855 1534 1274 1607">
     <span class='ocr_line' id='line_1_9' title="bbox 855 1534 1274 1607; baseline 0.002 -5"><span class='ocrx_word' id='word_1_79' title='bbox 855 1539 896 1602; x_wconf 87' lang='lat' dir='ltr'><strong>A.</strong></span> <span class='ocrx_word' id='word_1_80' title='bbox 930 1537 1054 1607; x_wconf 84' lang='lat' dir='ltr'><strong>PARS</strong></span> <span class='ocrx_word' id='word_1_81' title='bbox 1077 1534 1274 1604; x_wconf 75' lang='lat' dir='ltr'><strong>Lunata.</strong></span> 
     </span>
    </p>
   </div>
   <div class='ocr_carea' id='block_1_4' title="bbox 386 1710 1746 2725">
    <p class='ocr_par' dir='ltr' id='par_1_4' title="bbox 386 1710 1746 2725">
     <span class='ocr_line' id='line_1_10' title="bbox 488 1710 1746 1792; baseline 0 -20"><span class='ocrx_word' id='word_1_82' title='bbox 488 1711 662 1792; x_wconf 84' lang='lat' dir='ltr'><strong>Exemplum</strong></span> <span class='ocrx_word' id='word_1_83' title='bbox 686 1711 823 1774; x_wconf 79' lang='lat' dir='ltr'><strong>Labumn</strong></span> <span class='ocrx_word' id='word_1_84' title='bbox 850 1731 917 1774; x_wconf 93' lang='lat' dir='ltr'><strong>cum</strong></span> <span class='ocrx_word' id='word_1_85' title='bbox 941 1732 956 1774; x_wconf 91' lang='lat' dir='ltr'><strong>a</strong></span> <span class='ocrx_word' id='word_1_86' title='bbox 979 1712 1041 1786; x_wconf 90' lang='lat' dir='ltr'><strong>die,</strong></span> <span class='ocrx_word' id='word_1_87' title='bbox 1070 1731 1129 1792; x_wconf 92' lang='lat' dir='ltr'><strong>quo</strong></span> <span class='ocrx_word' id='word_1_88' title='bbox 1151 1711 1278 1773; x_wconf 89' lang='lat' dir='ltr'><strong>incisum</strong></span> <span class='ocrx_word' id='word_1_89' title='bbox 1301 1718 1355 1782; x_wconf 91' lang='lat' dir='ltr'><strong>est,</strong></span> <span class='ocrx_word' id='word_1_90' title='bbox 1377 1710 1412 1771; x_wconf 90' lang='lat' dir='ltr'><strong>ad</strong></span> <span class='ocrx_word' id='word_1_91' title='bbox 1436 1710 1516 1772; x_wconf 91' lang='lat' dir='ltr'><strong>hunc</strong></span> <span class='ocrx_word' id='word_1_92' title='bbox 1537 1710 1652 1791; x_wconf 90' lang='lat' dir='ltr'><strong>publice</strong></span> <span class='ocrx_word' id='word_1_93' title='bbox 1674 1729 1746 1792; x_wconf 93' lang='lat' dir='ltr'><strong>pro-</strong></span> 
     </span>
     <span class='ocr_line' id='line_1_11' title="bbox 387 1813 1745 1897; baseline 0.003 -23"><span class='ocrx_word' id='word_1_94' title='bbox 387 1814 495 1876; x_wconf 90' lang='lat' dir='ltr'><strong>stiterit</strong></span> <span class='ocrx_word' id='word_1_95' title='bbox 520 1816 584 1876; x_wconf 89' lang='lat' dir='ltr'><strong>looo</strong></span> <span class='ocrx_word' id='word_1_96' title='bbox 613 1815 847 1889; x_wconf 84' lang='lat' dir='ltr'><strong>evidentissimo,</strong></span> <span class='ocrx_word' id='word_1_97' title='bbox 878 1815 1001 1896; x_wconf 83' lang='lat' dir='ltr'><strong>insignis</strong></span> <span class='ocrx_word' id='word_1_98' title='bbox 1028 1815 1213 1878; x_wconf 90' lang='lat' dir='ltr'><strong>monumenti</strong></span> <span class='ocrx_word' id='word_1_99' title='bbox 1239 1813 1343 1877; x_wconf 90' lang='lat' dir='ltr'><strong>notitia</strong></span> <span class='ocrx_word' id='word_1_100' title='bbox 1370 1815 1537 1897; x_wconf 89' lang='lat' dir='ltr'><strong>percrebuit</strong></span> <span class='ocrx_word' id='word_1_101' title='bbox 1565 1815 1602 1878; x_wconf 90' lang='lat' dir='ltr'><strong>ab</strong></span> <span class='ocrx_word' id='word_1_102' title='bbox 1623 1815 1688 1896; x_wconf 92' lang='lat' dir='ltr'><strong>ipso</strong></span> <span class='ocrx_word' id='word_1_103' title='bbox 1710 1835 1745 1878; x_wconf 91' lang='lat' dir='ltr'><strong>eo</strong></span> 
     </span>
     <span class='ocr_line' id='line_1_12' title="bbox 387 1917 1744 2001; baseline 0 -21"><span class='ocrx_word' id='word_1_104' title='bbox 387 1930 533 2000; x_wconf 90' lang='lat' dir='ltr'><strong>tempore,</strong></span> <span class='ocrx_word' id='word_1_105' title='bbox 563 1939 622 1999; x_wconf 95' lang='lat' dir='ltr'><strong>quo</strong></span> <span class='ocrx_word' id='word_1_106' title='bbox 646 1930 713 2001; x_wconf 87' lang='lat' dir='ltr'><strong>post</strong></span> <span class='ocrx_word' id='word_1_107' title='bbox 734 1920 885 1982; x_wconf 89' lang='lat' dir='ltr'><strong>restitutas</strong></span> <span class='ocrx_word' id='word_1_108' title='bbox 907 1921 1018 1982; x_wconf 88' lang='lat' dir='ltr'><strong>litteras</strong></span> <span class='ocrx_word' id='word_1_109' title='bbox 1041 1919 1095 1981; x_wconf 82' lang='lat' dir='ltr'><strong>riri</strong></span> <span class='ocrx_word' id='word_1_110' title='bbox 1117 1918 1196 1980; x_wconf 92' lang='lat' dir='ltr'><strong>docti</strong></span> <span class='ocrx_word' id='word_1_111' title='bbox 1217 1917 1346 1999; x_wconf 91' lang='lat' dir='ltr'><strong>primum</strong></span> <span class='ocrx_word' id='word_1_112' title='bbox 1369 1923 1515 1999; x_wconf 77' lang='lat' dir='ltr'><strong>Ancyram</strong></span> <span class='ocrx_word' id='word_1_113' title='bbox 1538 1929 1744 1999; x_wconf 81' lang='lat' dir='ltr'><strong>pervenerunt.</strong></span> 
     </span>
     <span class='ocr_line' id='line_1_13' title="bbox 387 2020 1746 2103; baseline 0.001 -20"><span class='ocrx_word' id='word_1_114' title='bbox 387 2023 444 2096; x_wconf 85' lang='lat' dir='ltr'><strong>Qui</strong></span> <span class='ocrx_word' id='word_1_115' title='bbox 467 2025 588 2084; x_wconf 88' lang='lat' dir='ltr'><strong>inerunt</strong></span> <span class='ocrx_word' id='word_1_116' title='bbox 609 2023 694 2103; x_wconf 81' lang='lat' dir='ltr'><strong>legati</strong></span> <span class='ocrx_word' id='word_1_117' title='bbox 716 2025 775 2085; x_wconf 93' lang='lat' dir='ltr'><strong>duo</strong></span> <span class='ocrx_word' id='word_1_118' title='bbox 798 2023 834 2084; x_wconf 91' lang='lat' dir='ltr'><strong>ab</strong></span> <span class='ocrx_word' id='word_1_119' title='bbox 855 2023 1031 2103; x_wconf 89' lang='lat' dir='ltr'><strong>imperatore</strong></span> <span class='ocrx_word' id='word_1_120' title='bbox 1047 2022 1219 2085; x_wconf 85' lang='lat' dir='ltr'><strong>Germaniae</strong></span> <span class='ocrx_word' id='word_1_121' title='bbox 1234 2020 1419 2083; x_wconf 86' lang='lat' dir='ltr'><strong>Eerdinando</strong></span> <span class='ocrx_word' id='word_1_122' title='bbox 1434 2022 1459 2082; x_wconf 95' lang='lat' dir='ltr'><strong>ll</strong></span> <span class='ocrx_word' id='word_1_123' title='bbox 1481 2041 1507 2084; x_wconf 92' lang='lat' dir='ltr'><strong>a.</strong></span> <span class='ocrx_word' id='word_1_124' title='bbox 1525 2023 1607 2083; x_wconf 88' lang='grc'>1555</span> <span class='ocrx_word' id='word_1_125' title='bbox 1629 2021 1664 2083; x_wconf 85' lang='grc'><strong>66</strong></span> <span class='ocrx_word' id='word_1_126' title='bbox 1687 2022 1746 2084; x_wconf 91' lang='lat' dir='ltr'><strong>im-</strong></span> 
     </span>
     <span class='ocr_line' id='line_1_14' title="bbox 387 2109 1746 2207; baseline 0 -20"><span class='ocrx_word' id='word_1_127' title='bbox 387 2136 553 2207; x_wconf 89' lang='lat' dir='ltr'><strong>peratorem</strong></span> <span class='ocrx_word' id='word_1_128' title='bbox 577 2126 739 2188; x_wconf 89' lang='lat' dir='ltr'><strong>Turcarum</strong></span> <span class='ocrx_word' id='word_1_129' title='bbox 764 2125 946 2190; x_wconf 89' lang='lat' dir='ltr'><strong>Solimanum</strong></span> <span class='ocrx_word' id='word_1_130' title='bbox 970 2127 1140 2188; x_wconf 81' lang='lat' dir='ltr'><strong>Vindobona</strong></span> <span class='ocrx_word' id='word_1_131' title='bbox 1162 2109 1309 2187; x_wconf 71' lang='lat' dir='ltr'><strong>Amasiam</strong></span> <span class='ocrx_word' id='word_1_132' title='bbox 1334 2124 1416 2186; x_wconf 92' lang='lat' dir='ltr'><strong>missi</strong></span> <span class='ocrx_word' id='word_1_133' title='bbox 1439 2126 1584 2205; x_wconf 68' lang='lat' dir='ltr'><strong>augerius</strong></span> <span class='ocrx_word' id='word_1_134' title='bbox 1600 2125 1746 2188; x_wconf 90' lang='lat' dir='ltr'><strong>Gislcnius</strong></span> 
     </span>
     <span class='ocr_line' id='line_1_15' title="bbox 387 2227 1746 2309; baseline -0.002 -18"><span class='ocrx_word' id='word_1_135' title='bbox 387 2229 573 2309; x_wconf 89' lang='lat' dir='ltr'><strong>anbequius</strong></span> <span class='ocrx_word' id='word_1_136' title='bbox 602 2230 728 2291; x_wconf 88' lang='lat' dir='ltr'><strong>Eatavus</strong></span> <span class='ocrx_word' id='word_1_137' title='bbox 761 2239 791 2291; x_wconf 90' lang='lat' dir='ltr'><strong>et</strong></span> <span class='ocrx_word' id='word_1_138' title='bbox 817 2229 963 2291; x_wconf 73' lang='lat' dir='ltr'><strong>Antonius</strong></span> <span class='ocrx_word' id='word_1_139' title='bbox 992 2229 1159 2292; x_wconf 88' lang='lat' dir='ltr'><strong>Wrantaius</strong></span> <span class='ocrx_word' id='word_1_140' title='bbox 1187 2229 1247 2290; x_wconf 84' lang='lat' dir='ltr'><strong>sive</strong></span> <span class='ocrx_word' id='word_1_141' title='bbox 1275 2227 1430 2289; x_wconf 84' lang='lat' dir='ltr'><strong>Verantius</strong></span> <span class='ocrx_word' id='word_1_142' title='bbox 1461 2227 1616 2308; x_wconf 90' lang='lat' dir='ltr'><strong>episcopus</strong></span> <span class='ocrx_word' id='word_1_143' title='bbox 1642 2228 1746 2307; x_wconf 80' lang='lat' dir='ltr'><strong>Agriae</strong></span> 
     </span>
     <span class='ocr_line' id='line_1_16' title="bbox 387 2331 1746 2413; baseline -0.001 -19"><span class='ocrx_word' id='word_1_144' title='bbox 387 2351 454 2394; x_wconf 90' lang='lat' dir='ltr'><strong>cum</strong></span> <span class='ocrx_word' id='word_1_145' title='bbox 478 2333 636 2394; x_wconf 86' lang='lat' dir='ltr'><strong>comitibus</strong></span> <span class='ocrx_word' id='word_1_146' title='bbox 658 2332 761 2412; x_wconf 81' lang='lat' dir='ltr'><strong>suis1).</strong></span> <span class='ocrx_word' id='word_1_147' title='bbox 792 2332 965 2413; x_wconf 81' lang='lat' dir='ltr'><strong>Exemplum</strong></span> <span class='ocrx_word' id='word_1_148' title='bbox 988 2333 1093 2395; x_wconf 92' lang='lat' dir='ltr'><strong>horum</strong></span> <span class='ocrx_word' id='word_1_149' title='bbox 1118 2335 1201 2395; x_wconf 91' lang='lat' dir='ltr'><strong>iussu</strong></span> <span class='ocrx_word' id='word_1_150' title='bbox 1217 2337 1371 2411; x_wconf 85' lang='lat' dir='ltr'><strong>exceptum</strong></span> <span class='ocrx_word' id='word_1_151' title='bbox 1386 2349 1447 2392; x_wconf 93' lang='lat' dir='ltr'><strong>non</strong></span> <span class='ocrx_word' id='word_1_152' title='bbox 1463 2331 1582 2411; x_wconf 92' lang='lat' dir='ltr'><strong>plenum</strong></span> <span class='ocrx_word' id='word_1_153' title='bbox 1599 2341 1629 2392; x_wconf 89' lang='lat' dir='ltr'><strong>et</strong></span> <span class='ocrx_word' id='word_1_154' title='bbox 1644 2331 1746 2393; x_wconf 89' lang='lat' dir='ltr'><strong>multis</strong></span> 
     </span>
     <span class='ocr_line' id='line_1_17' title="bbox 386 2435 1746 2516; baseline -0.001 -20"><span class='ocrx_word' id='word_1_155' title='bbox 386 2436 458 2498; x_wconf 90' lang='lat' dir='ltr'><strong>locis</strong></span> <span class='ocrx_word' id='word_1_156' title='bbox 480 2444 651 2516; x_wconf 89' lang='lat' dir='ltr'><strong>comuptum</strong></span> <span class='ocrx_word' id='word_1_157' title='bbox 680 2454 747 2497; x_wconf 87' lang='lat' dir='ltr'><strong>oum</strong></span> <span class='ocrx_word' id='word_1_158' title='bbox 780 2436 901 2497; x_wconf 91' lang='lat' dir='ltr'><strong>minime</strong></span> <span class='ocrx_word' id='word_1_159' title='bbox 925 2437 1122 2510; x_wconf 78' lang='lat' dir='ltr'><strong>satisfaceret,</strong></span> <span class='ocrx_word' id='word_1_160' title='bbox 1150 2436 1186 2496; x_wconf 88' lang='lat' dir='ltr'><strong>ab</strong></span> <span class='ocrx_word' id='word_1_161' title='bbox 1208 2455 1243 2498; x_wconf 91' lang='lat' dir='ltr'><strong>eo</strong></span> <span class='ocrx_word' id='word_1_162' title='bbox 1265 2435 1334 2496; x_wconf 92' lang='lat' dir='ltr'><strong>inde</strong></span> <span class='ocrx_word' id='word_1_163' title='bbox 1356 2444 1488 2516; x_wconf 90' lang='lat' dir='ltr'><strong>tempore</strong></span> <span class='ocrx_word' id='word_1_164' title='bbox 1511 2435 1646 2497; x_wconf 87' lang='lat' dir='ltr'><strong>homines</strong></span> <span class='ocrx_word' id='word_1_165' title='bbox 1669 2435 1746 2496; x_wconf 92' lang='lat' dir='ltr'><strong>docti</strong></span> 
     </span>
     <span class='ocr_line' id='line_1_18' title="bbox 387 2539 1746 2621; baseline -0.002 -19"><span class='ocrx_word' id='word_1_166' title='bbox 387 2548 521 2620; x_wconf 84' lang='lat' dir='ltr'><strong>expetere</strong></span> <span class='ocrx_word' id='word_1_167' title='bbox 542 2547 718 2620; x_wconf 87' lang='lat' dir='ltr'><strong>coeperunt,</strong></span> <span class='ocrx_word' id='word_1_168' title='bbox 741 2549 776 2602; x_wconf 92' lang='lat' dir='ltr'><strong>ut</strong></span> <span class='ocrx_word' id='word_1_169' title='bbox 797 2539 944 2619; x_wconf 85' lang='lat' dir='ltr'><strong>integrum</strong></span> <span class='ocrx_word' id='word_1_170' title='bbox 968 2550 998 2601; x_wconf 91' lang='lat' dir='ltr'><strong>et</strong></span> <span class='ocrx_word' id='word_1_171' title='bbox 1020 2543 1182 2621; x_wconf 87' lang='lat' dir='ltr'><strong>perlectum</strong></span> <span class='ocrx_word' id='word_1_172' title='bbox 1205 2539 1405 2620; x_wconf 83' lang='lat' dir='ltr'><strong>apographum</strong></span> <span class='ocrx_word' id='word_1_173' title='bbox 1429 2548 1595 2620; x_wconf 87' lang='lat' dir='ltr'><strong>pararetur,</strong></span> <span class='ocrx_word' id='word_1_174' title='bbox 1619 2557 1746 2618; x_wconf 91' lang='lat' dir='ltr'><strong>cumque</strong></span> 
     </span>
     <span class='ocr_line' id='line_1_19' title="bbox 387 2639 1746 2725; baseline -0.001 -21"><span class='ocrx_word' id='word_1_175' title='bbox 387 2643 487 2705; x_wconf 84' lang='lat' dir='ltr'><strong>Daniel</strong></span> <span class='ocrx_word' id='word_1_176' title='bbox 515 2642 674 2704; x_wconf 85' lang='lat' dir='ltr'><strong>Cossonius</strong></span> <span class='ocrx_word' id='word_1_177' title='bbox 703 2644 869 2724; x_wconf 83' lang='lat' dir='ltr'><strong>exemplum</strong></span> <span class='ocrx_word' id='word_1_178' title='bbox 897 2643 953 2705; x_wconf 91' lang='lat' dir='ltr'><strong>sibi</strong></span> <span class='ocrx_word' id='word_1_179' title='bbox 979 2654 1179 2725; x_wconf 88' lang='lat' dir='ltr'><strong>comparasset</strong></span> <span class='ocrx_word' id='word_1_180' title='bbox 1206 2661 1266 2704; x_wconf 91' lang='lat' dir='ltr'><strong>non</strong></span> <span class='ocrx_word' id='word_1_181' title='bbox 1297 2643 1425 2716; x_wconf 89' lang='lat' dir='ltr'><strong>bonum,</strong></span> <span class='ocrx_word' id='word_1_182' title='bbox 1460 2641 1510 2703; x_wconf 90' lang='lat' dir='ltr'><strong>sed</strong></span> <span class='ocrx_word' id='word_1_183' title='bbox 1539 2639 1746 2721; x_wconf 90' lang='lat' dir='ltr'><strong>Eusbequiano</strong></span> 
     </span>
    </p>
   </div>
   <div class='ocr_carea' id='block_1_5' title="bbox 384 2840 1748 4896">
    <p class='ocr_par' dir='ltr' id='par_1_5' title="bbox 384 2840 1748 4896">
     <span class='ocr_line' id='line_1_20' title="bbox 487 2840 1746 2912; baseline -0.006 -15"><span class='ocrx_word' id='word_1_184' title='bbox 487 2846 508 2912; x_wconf 88' lang='lat'><strong>¹)</strong></span> <span class='ocrx_word' id='word_1_185' title='bbox 531 2841 686 2912; x_wconf 85' lang='lat' dir='ltr'><strong>Rusbequius</strong></span> <span class='ocrx_word' id='word_1_186' title='bbox 700 2845 755 2911; x_wconf 90' lang='lat' dir='ltr'><strong>ipse</strong></span> <span class='ocrx_word' id='word_1_187' title='bbox 767 2842 916 2910; x_wconf 73' lang='lat' dir='ltr'><strong>(legationis</strong></span> <span class='ocrx_word' id='word_1_188' title='bbox 928 2843 1051 2895; x_wconf 88' lang='lat' dir='ltr'><strong>ancioae</strong></span> <span class='ocrx_word' id='word_1_189' title='bbox 1065 2842 1190 2912; x_wconf 78' lang='lat' dir='ltr'><strong>epistulae</strong></span> <span class='ocrx_word' id='word_1_190' title='bbox 1203 2849 1332 2909; x_wconf 88' lang='lat' dir='ltr'><strong>quattuor.</strong></span> <span class='ocrx_word' id='word_1_191' title='bbox 1351 2840 1513 2894; x_wconf 77' lang='lat' dir='ltr'><strong>Francolurti</strong></span> <span class='ocrx_word' id='word_1_192' title='bbox 1528 2842 1601 2893; x_wconf 84' lang='lat'><strong>1595.</strong></span> <span class='ocrx_word' id='word_1_193' title='bbox 1616 2841 1639 2894; x_wconf 86' lang='lat'><strong>8.</strong></span> <span class='ocrx_word' id='word_1_194' title='bbox 1653 2858 1676 2908; x_wconf 93' lang='lat' dir='ltr'><strong>p.</strong></span> <span class='ocrx_word' id='word_1_195' title='bbox 1689 2843 1746 2904; x_wconf 78' lang='lat' dir='ltr'><strong>⁶5i²</strong></span> 
     </span>
     <span class='ocr_line' id='line_1_21' title="bbox 385 2925 1747 3000; baseline -0.004 -17"><span class='ocrx_word' id='word_1_196' title='bbox 385 2935 527 3000; x_wconf 80' lang='lat' dir='ltr'><strong>Aneyram,</strong></span> <span class='ocrx_word' id='word_1_197' title='bbox 547 2933 638 2999; x_wconf 85' lang='lat' dir='ltr'><strong>inquit,</strong></span> <span class='ocrx_word' id='word_1_198' title='bbox 655 2933 771 2982; x_wconf 84' lang='lat' dir='ltr'><strong>uenimus</strong></span> <span class='ocrx_word' id='word_1_199' title='bbox 788 2932 921 2980; x_wconf 69' lang='lat' dir='ltr'><strong>manneae</strong></span> <span class='ocrx_word' id='word_1_200' title='bbox 932 2945 949 2979; x_wconf 93' lang='lat' dir='ltr'><strong>a</strong></span> <span class='ocrx_word' id='word_1_201' title='bbox 962 2928 1179 2998; x_wconf 78' lang='lat' dir='ltr'><strong>Constantinopoli</strong></span> <span class='ocrx_word' id='word_1_202' title='bbox 1189 2925 1255 2979; x_wconf 81' lang='lat' dir='ltr'><strong>XIX</strong></span> <span class='ocrx_word' id='word_1_203' title='bbox 1266 2964 1291 2978; x_wconf 93' lang='lat'><strong>..</strong></span> <span class='ocrx_word' id='word_1_204' title='bbox 1307 2965 1333 2978; x_wconf 93' lang='lat'><strong>..</strong></span> <span class='ocrx_word' id='word_1_205' title='bbox 1360 2928 1404 2978; x_wconf 86' lang='lat' dir='ltr'><strong>Hic</strong></span> <span class='ocrx_word' id='word_1_206' title='bbox 1420 2926 1621 2996; x_wconf 73' lang='lat' dir='ltr'><strong>pulcherrimam</strong></span> <span class='ocrx_word' id='word_1_207' title='bbox 1636 2927 1747 2980; x_wconf 83' lang='lat' dir='ltr'><strong>uidimus</strong></span> 
     </span>
     <span class='ocr_line' id='line_1_22' title="bbox 386 3014 1747 3087; baseline -0.004 -18"><span class='ocrx_word' id='word_1_208' title='bbox 386 3021 577 3087; x_wconf 79' lang='lat' dir='ltr'><strong>inscriptionem</strong></span> <span class='ocrx_word' id='word_1_209' title='bbox 600 3023 624 3068; x_wconf 86' lang='lat' dir='ltr'><strong>et</strong></span> <span class='ocrx_word' id='word_1_210' title='bbox 645 3017 790 3068; x_wconf 73' lang='lat' dir='ltr'><strong>unaarum</strong></span> <span class='ocrx_word' id='word_1_211' title='bbox 814 3015 934 3080; x_wconf 86' lang='lat' dir='ltr'><strong>illarum,</strong></span> <span class='ocrx_word' id='word_1_212' title='bbox 957 3017 1045 3080; x_wconf 75' lang='lat' dir='ltr'><strong>quobus</strong></span> <span class='ocrx_word' id='word_1_213' title='bbox 1067 3014 1177 3066; x_wconf 79' lang='lat' dir='ltr'><strong>indicem</strong></span> <span class='ocrx_word' id='word_1_214' title='bbox 1198 3029 1286 3066; x_wconf 85' lang='lat' dir='ltr'><strong>rernm</strong></span> <span class='ocrx_word' id='word_1_215' title='bbox 1309 3031 1326 3064; x_wconf 90' lang='lat' dir='ltr'><strong>a</strong></span> <span class='ocrx_word' id='word_1_216' title='bbox 1346 3031 1373 3064; x_wconf 89' lang='lat' dir='ltr'><strong>se</strong></span> <span class='ocrx_word' id='word_1_217' title='bbox 1389 3019 1524 3081; x_wconf 74' lang='lat' dir='ltr'><strong>gestae-sem</strong></span> <span class='ocrx_word' id='word_1_218' title='bbox 1542 3014 1747 3082; x_wconf 74' lang='lat' dir='ltr'><strong>complanasset</strong></span> 
     </span>
     <span class='ocr_line' id='line_1_23' title="bbox 386 3100 1746 3171; baseline -0.003 -17"><span class='ocrx_word' id='word_1_219' title='bbox 386 3105 538 3170; x_wconf 72' lang='lat' dir='ltr'><strong>Arignotus,</strong></span> <span class='ocrx_word' id='word_1_220' title='bbox 555 3101 710 3171; x_wconf 78' lang='lat' dir='ltr'><strong>canapium.</strong></span> <span class='ocrx_word' id='word_1_221' title='bbox 747 3101 780 3153; x_wconf 81' lang='lat' dir='ltr'><strong>Id</strong></span> <span class='ocrx_word' id='word_1_222' title='bbox 796 3105 920 3167; x_wconf 86' lang='lat' dir='ltr'><strong>quatenns</strong></span> <span class='ocrx_word' id='word_1_223' title='bbox 938 3100 990 3169; x_wconf 72' lang='lat' dir='ltr'><strong>legi</strong></span> <span class='ocrx_word' id='word_1_224' title='bbox 1004 3104 1100 3170; x_wconf 86' lang='lat' dir='ltr'><strong>potuit,</strong></span> <span class='ocrx_word' id='word_1_225' title='bbox 1116 3117 1163 3168; x_wconf 85' lang='lat' dir='ltr'><strong>per</strong></span> <span class='ocrx_word' id='word_1_226' title='bbox 1181 3105 1281 3152; x_wconf 87' lang='lat' dir='ltr'><strong>nostros</strong></span> <span class='ocrx_word' id='word_1_227' title='bbox 1298 3101 1413 3152; x_wconf 77' lang='lat' dir='ltr'><strong>nominee</strong></span> <span class='ocrx_word' id='word_1_228' title='bbox 1430 3100 1651 3152; x_wconf 75' lang='lat' dir='ltr'><strong>transcribendum</strong></span> <span class='ocrx_word' id='word_1_229' title='bbox 1671 3116 1746 3152; x_wconf 85' lang='lat' dir='ltr'><strong>enra-</strong></span> 
     </span>
     <span class='ocr_line' id='line_1_24' title="bbox 385 3186 1748 3256; baseline -0.003 -16"><span class='ocrx_word' id='word_1_230' title='bbox 385 3192 476 3241; x_wconf 84' lang='lat' dir='ltr'><strong>nimus.</strong></span> <span class='ocrx_word' id='word_1_231' title='bbox 500 3189 583 3241; x_wconf 76' lang='lat' dir='ltr'><strong>Eoetat</strong></span> <span class='ocrx_word' id='word_1_232' title='bbox 600 3193 712 3240; x_wconf 87' lang='lat' dir='ltr'><strong>incisum</strong></span> <span class='ocrx_word' id='word_1_233' title='bbox 729 3187 847 3255; x_wconf 74' lang='lat' dir='ltr'><strong>aedificii,</strong></span> <span class='ocrx_word' id='word_1_234' title='bbox 866 3188 931 3255; x_wconf 83' lang='lat' dir='ltr'><strong>quod</strong></span> <span class='ocrx_word' id='word_1_235' title='bbox 947 3188 1007 3240; x_wconf 79' lang='lat' dir='ltr'><strong>olens</strong></span> <span class='ocrx_word' id='word_1_236' title='bbox 1018 3190 1135 3255; x_wconf 71' lang='lat' dir='ltr'><strong>fumasse</strong></span> <span class='ocrx_word' id='word_1_237' title='bbox 1145 3189 1303 3256; x_wconf 86' lang='lat' dir='ltr'><strong>praetorium</strong></span> <span class='ocrx_word' id='word_1_238' title='bbox 1309 3189 1407 3255; x_wconf 80' lang='lat' dir='ltr'><strong>suerit,</strong></span> <span class='ocrx_word' id='word_1_239' title='bbox 1425 3186 1508 3238; x_wconf 83' lang='lat' dir='ltr'><strong>diruti</strong></span> <span class='ocrx_word' id='word_1_240' title='bbox 1525 3190 1549 3238; x_wconf 90' lang='lat' dir='ltr'><strong>st</strong></span> <span class='ocrx_word' id='word_1_241' title='bbox 1560 3191 1625 3238; x_wconf 88' lang='lat' dir='ltr'><strong>tecto</strong></span> <span class='ocrx_word' id='word_1_242' title='bbox 1636 3190 1748 3238; x_wconf 73' lang='grc'>6666666</span> 
     </span>
     <span class='ocr_line' id='line_1_25' title="bbox 384 3273 1747 3344; baseline -0.003 -17"><span class='ocrx_word' id='word_1_243' title='bbox 384 3278 537 3327; x_wconf 83' lang='lat' dir='ltr'><strong>marmorcis</strong></span> <span class='ocrx_word' id='word_1_244' title='bbox 558 3277 713 3343; x_wconf 79' lang='lat' dir='ltr'><strong>parietibus,</strong></span> <span class='ocrx_word' id='word_1_245' title='bbox 737 3278 774 3324; x_wconf 87' lang='lat' dir='ltr'><strong>ita</strong></span> <span class='ocrx_word' id='word_1_246' title='bbox 795 3277 824 3325; x_wconf 87' lang='lat' dir='ltr'><strong>ut</strong></span> <span class='ocrx_word' id='word_1_247' title='bbox 842 3273 950 3326; x_wconf 77' lang='lat' dir='ltr'><strong>dimidia</strong></span> <span class='ocrx_word' id='word_1_248' title='bbox 967 3290 1031 3344; x_wconf 85' lang='lat' dir='ltr'><strong>para</strong></span> <span class='ocrx_word' id='word_1_249' title='bbox 1049 3275 1208 3326; x_wconf 83' lang='lat' dir='ltr'><strong>intrantibus</strong></span> <span class='ocrx_word' id='word_1_250' title='bbox 1225 3273 1261 3325; x_wconf 81' lang='lat' dir='ltr'><strong>ad</strong></span> <span class='ocrx_word' id='word_1_251' title='bbox 1276 3273 1410 3338; x_wconf 76' lang='lat' dir='ltr'><strong>deutrum,</strong></span> <span class='ocrx_word' id='word_1_252' title='bbox 1431 3273 1541 3326; x_wconf 75' lang='lat' dir='ltr'><strong>dimidia</strong></span> <span class='ocrx_word' id='word_1_253' title='bbox 1557 3273 1594 3324; x_wconf 86' lang='lat' dir='ltr'><strong>ad</strong></span> <span class='ocrx_word' id='word_1_254' title='bbox 1609 3275 1747 3324; x_wconf 81' lang='lat' dir='ltr'><strong>sinistram</strong></span> 
     </span>
     <span class='ocr_line' id='line_1_26' title="bbox 386 3359 1747 3430; baseline -0.003 -18"><span class='ocrx_word' id='word_1_255' title='bbox 386 3365 512 3412; x_wconf 83' lang='lat' dir='ltr'><strong>occurrat.</strong></span> <span class='ocrx_word' id='word_1_256' title='bbox 543 3361 671 3430; x_wconf 88' lang='lat' dir='ltr'><strong>Suprema</strong></span> <span class='ocrx_word' id='word_1_257' title='bbox 688 3364 773 3430; x_wconf 85' lang='lat' dir='ltr'><strong>capita</strong></span> <span class='ocrx_word' id='word_1_258' title='bbox 783 3363 846 3429; x_wconf 85' lang='lat' dir='ltr'><strong>sere</strong></span> <span class='ocrx_word' id='word_1_259' title='bbox 864 3363 967 3428; x_wconf 77' lang='lat' dir='ltr'><strong>integra</strong></span> <span class='ocrx_word' id='word_1_260' title='bbox 985 3364 1055 3426; x_wconf 84' lang='lat' dir='ltr'><strong>eunt,</strong></span> <span class='ocrx_word' id='word_1_261' title='bbox 1073 3359 1157 3412; x_wconf 85' lang='lat' dir='ltr'><strong>media</strong></span> <span class='ocrx_word' id='word_1_262' title='bbox 1175 3360 1277 3410; x_wconf 82' lang='lat' dir='ltr'><strong>lacunis</strong></span> <span class='ocrx_word' id='word_1_263' title='bbox 1295 3359 1412 3411; x_wconf 73' lang='lat' dir='ltr'><strong>aoomrs</strong></span> <span class='ocrx_word' id='word_1_264' title='bbox 1428 3362 1563 3428; x_wconf 83' lang='lat' dir='ltr'><strong>incipiunt,</strong></span> <span class='ocrx_word' id='word_1_265' title='bbox 1581 3361 1672 3427; x_wconf 76' lang='lat' dir='ltr'><strong>infima</strong></span> <span class='ocrx_word' id='word_1_266' title='bbox 1689 3373 1747 3410; x_wconf 84' lang='lat' dir='ltr'><strong>uero</strong></span> 
     </span>
     <span class='ocr_line' id='line_1_27' title="bbox 386 3444 1746 3514; baseline -0.004 -14"><span class='ocrx_word' id='word_1_267' title='bbox 386 3449 515 3501; x_wconf 70' lang='lat' dir='ltr'><strong>alannum</strong></span> <span class='ocrx_word' id='word_1_268' title='bbox 533 3453 558 3499; x_wconf 89' lang='lat' dir='ltr'><strong>at</strong></span> <span class='ocrx_word' id='word_1_269' title='bbox 575 3452 702 3500; x_wconf 86' lang='lat' dir='ltr'><strong>securium</strong></span> <span class='ocrx_word' id='word_1_270' title='bbox 721 3450 815 3499; x_wconf 84' lang='lat' dir='ltr'><strong>ictibus</strong></span> <span class='ocrx_word' id='word_1_271' title='bbox 832 3451 869 3498; x_wconf 84' lang='lat' dir='ltr'><strong>ita</strong></span> <span class='ocrx_word' id='word_1_272' title='bbox 886 3445 1011 3510; x_wconf 69' lang='lat' dir='ltr'><strong>aurata,</strong></span> <span class='ocrx_word' id='word_1_273' title='bbox 1028 3451 1057 3497; x_wconf 89' lang='lat' dir='ltr'><strong>ut</strong></span> <span class='ocrx_word' id='word_1_274' title='bbox 1074 3445 1126 3513; x_wconf 74' lang='lat' dir='ltr'><strong>tegi</strong></span> <span class='ocrx_word' id='word_1_275' title='bbox 1143 3447 1313 3514; x_wconf 81' lang='lat' dir='ltr'><strong>nonpossint,</strong></span> <span class='ocrx_word' id='word_1_276' title='bbox 1331 3444 1475 3511; x_wconf 75' lang='lat' dir='ltr'><strong>quodsum</strong></span> <span class='ocrx_word' id='word_1_277' title='bbox 1491 3446 1679 3498; x_wconf 80' lang='lat' dir='ltr'><strong>reiiiterariae</strong></span> <span class='ocrx_word' id='word_1_278' title='bbox 1696 3460 1746 3495; x_wconf 89' lang='lat' dir='ltr'><strong>non</strong></span> 
     </span>
     <span class='ocr_line' id='line_1_28' title="bbox 385 3530 1745 3601; baseline -0.004 -15"><span class='ocrx_word' id='word_1_279' title='bbox 385 3535 508 3586; x_wconf 73' lang='grc'>66666666</span> <span class='ocrx_word' id='word_1_280' title='bbox 528 3533 653 3586; x_wconf 61' lang='lat' dir='ltr'><strong>Mannum</strong></span> <span class='ocrx_word' id='word_1_281' title='bbox 674 3539 714 3585; x_wconf 89' lang='lat' dir='ltr'><strong>est</strong></span> <span class='ocrx_word' id='word_1_282' title='bbox 732 3552 748 3584; x_wconf 91' lang='lat' dir='ltr'><strong>a</strong></span> <span class='ocrx_word' id='word_1_283' title='bbox 766 3534 848 3585; x_wconf 85' lang='lat' dir='ltr'><strong>doctis</strong></span> <span class='ocrx_word' id='word_1_284' title='bbox 866 3535 957 3584; x_wconf 70' lang='lat' dir='ltr'><strong>naemto</strong></span> <span class='ocrx_word' id='word_1_285' title='bbox 975 3531 1164 3601; x_wconf 82' lang='lat' dir='ltr'><strong>deplorandum,</strong></span> <span class='ocrx_word' id='word_1_286' title='bbox 1181 3531 1255 3598; x_wconf 86' lang='lat' dir='ltr'><strong>idque</strong></span> <span class='ocrx_word' id='word_1_287' title='bbox 1271 3548 1299 3583; x_wconf 92' lang='lat' dir='ltr'><strong>eo</strong></span> <span class='ocrx_word' id='word_1_288' title='bbox 1316 3535 1410 3599; x_wconf 79' lang='lat' dir='ltr'><strong>magia,</strong></span> <span class='ocrx_word' id='word_1_289' title='bbox 1427 3531 1494 3598; x_wconf 85' lang='lat' dir='ltr'><strong>qnod</strong></span> <span class='ocrx_word' id='word_1_290' title='bbox 1510 3533 1598 3584; x_wconf 85' lang='lat' dir='ltr'><strong>urbam</strong></span> <span class='ocrx_word' id='word_1_291' title='bbox 1621 3530 1692 3581; x_wconf 82' lang='lat' dir='ltr'><strong>iliam</strong></span> <span class='ocrx_word' id='word_1_292' title='bbox 1713 3532 1745 3580; x_wconf 86' lang='lat' dir='ltr'><strong>ab</strong></span> 
     </span>
     <span class='ocr_line' id='line_1_29' title="bbox 388 3617 1747 3686; baseline -0.003 -14"><span class='ocrx_word' id='word_1_293' title='bbox 388 3624 467 3673; x_wconf 83' lang='lat' dir='ltr'><strong>Asiae</strong></span> <span class='ocrx_word' id='word_1_294' title='bbox 490 3625 673 3673; x_wconf 83' lang='lat' dir='ltr'><strong>communitate</strong></span> <span class='ocrx_word' id='word_1_295' title='bbox 689 3623 810 3686; x_wconf 73' lang='lat' dir='ltr'><strong>Auganto</strong></span> <span class='ocrx_word' id='word_1_296' title='bbox 831 3620 943 3670; x_wconf 83' lang='lat' dir='ltr'><strong>dicatam</strong></span> <span class='ocrx_word' id='word_1_297' title='bbox 954 3621 1046 3686; x_wconf 78' lang='lat' dir='ltr'><strong>snim</strong></span> <span class='ocrx_word' id='word_1_298' title='bbox 1062 3623 1163 3670; x_wconf 79' lang='lat' dir='ltr'><strong>constat</strong></span> <span class='ocrx_word' id='word_1_299' title='bbox 1200 3617 1268 3669; x_wconf 87' lang='lat' dir='ltr'><strong>luter</strong></span> <span class='ocrx_word' id='word_1_300' title='bbox 1288 3618 1413 3686; x_wconf 89' lang='lat' dir='ltr'><strong>epistulas</strong></span> <span class='ocrx_word' id='word_1_301' title='bbox 1431 3617 1516 3683; x_wconf 68' lang='lat' dir='ltr'><strong>Pigbii</strong></span> <span class='ocrx_word' id='word_1_302' title='bbox 1535 3618 1747 3681; x_wconf 69' lang='lat' dir='ltr'><strong>Eambcrqensos,</strong></span> 
     </span>
     <span class='ocr_line' id='line_1_30' title="bbox 386 3704 1746 3775; baseline -0.002 -18"><span class='ocrx_word' id='word_1_303' title='bbox 386 3708 416 3760; x_wconf 90' lang='grc'><strong>66</strong></span> <span class='ocrx_word' id='word_1_304' title='bbox 435 3708 527 3775; x_wconf 89' lang='lat' dir='ltr'><strong>quibus</strong></span> <span class='ocrx_word' id='word_1_305' title='bbox 546 3708 653 3774; x_wconf 84' lang='lat' dir='ltr'><strong>exposui</strong></span> <span class='ocrx_word' id='word_1_306' title='bbox 672 3707 697 3758; x_wconf 93' lang='lat' dir='ltr'><strong>in</strong></span> <span class='ocrx_word' id='word_1_307' title='bbox 717 3708 783 3759; x_wconf 89' lang='lat' dir='ltr'><strong>sctis</strong></span> <span class='ocrx_word' id='word_1_308' title='bbox 801 3705 943 3758; x_wconf 87' lang='lat' dir='ltr'><strong>minoribus</strong></span> <span class='ocrx_word' id='word_1_309' title='bbox 961 3705 1103 3756; x_wconf 87' lang='lat' dir='ltr'><strong>academiae</strong></span> <span class='ocrx_word' id='word_1_310' title='bbox 1117 3704 1289 3756; x_wconf 87' lang='lat' dir='ltr'><strong>Eerolioeasis</strong></span> <span class='ocrx_word' id='word_1_311' title='bbox 1308 3721 1330 3755; x_wconf 89' lang='lat' dir='ltr'><strong>a.</strong></span> <span class='ocrx_word' id='word_1_312' title='bbox 1348 3706 1412 3756; x_wconf 87' lang='grc'>1666</span> <span class='ocrx_word' id='word_1_313' title='bbox 1430 3721 1453 3770; x_wconf 92' lang='lat' dir='ltr'><strong>p.</strong></span> <span class='ocrx_word' id='word_1_314' title='bbox 1467 3704 1517 3755; x_wconf 75' lang='lat'><strong>419</strong></span> <span class='ocrx_word' id='word_1_315' title='bbox 1527 3721 1572 3771; x_wconf 91' lang='lat' dir='ltr'><strong>sq.,</strong></span> <span class='ocrx_word' id='word_1_316' title='bbox 1592 3705 1616 3754; x_wconf 89' lang='lat' dir='ltr'><strong>in</strong></span> <span class='ocrx_word' id='word_1_317' title='bbox 1636 3719 1663 3754; x_wconf 89' lang='lat' dir='ltr'><strong>ea</strong></span> <span class='ocrx_word' id='word_1_318' title='bbox 1683 3719 1746 3770; x_wconf 90' lang='lat' dir='ltr'><strong>quae</strong></span> 
     </span>
     <span class='ocr_line' id='line_1_31' title="bbox 386 3789 1746 3857; baseline -0.004 -12"><span class='ocrx_word' id='word_1_319' title='bbox 386 3803 426 3845; x_wconf 90' lang='lat' dir='ltr'><strong>est</strong></span> <span class='ocrx_word' id='word_1_320' title='bbox 444 3811 467 3844; x_wconf 90' lang='grc'><strong>6.</strong></span> <span class='ocrx_word' id='word_1_321' title='bbox 481 3795 513 3844; x_wconf 88' lang='grc'><strong>92</strong></span> <span class='ocrx_word' id='word_1_322' title='bbox 532 3795 591 3844; x_wconf 90' lang='lat' dir='ltr'><strong>data</strong></span> <span class='ocrx_word' id='word_1_323' title='bbox 610 3793 725 3846; x_wconf 87' lang='lat' dir='ltr'><strong>Viennae</strong></span> <span class='ocrx_word' id='word_1_324' title='bbox 743 3795 766 3844; x_wconf 93' lang='grc'><strong>6.</strong></span> <span class='ocrx_word' id='word_1_325' title='bbox 779 3795 803 3844; x_wconf 90' lang='lat'><strong>6.</strong></span> <span class='ocrx_word' id='word_1_326' title='bbox 817 3795 881 3857; x_wconf 73' lang='lat' dir='ltr'><strong>Aug.</strong></span> <span class='ocrx_word' id='word_1_327' title='bbox 896 3792 961 3842; x_wconf 77' lang='lat'>1574</span> <span class='ocrx_word' id='word_1_328' title='bbox 980 3791 1010 3842; x_wconf 90' lang='lat' dir='ltr'><strong>ad</strong></span> <span class='ocrx_word' id='word_1_329' title='bbox 1030 3791 1148 3842; x_wconf 86' lang='lat' dir='ltr'><strong>Carolum</strong></span> <span class='ocrx_word' id='word_1_330' title='bbox 1167 3789 1275 3842; x_wconf 87' lang='lat' dir='ltr'><strong>liimium</strong></span> <span class='ocrx_word' id='word_1_331' title='bbox 1295 3790 1434 3841; x_wconf 88' lang='lat' dir='ltr'><strong>Caesareae</strong></span> <span class='ocrx_word' id='word_1_332' title='bbox 1453 3790 1598 3842; x_wconf 81' lang='lat' dir='ltr'><strong>Maiestatis</strong></span> <span class='ocrx_word' id='word_1_333' title='bbox 1617 3797 1746 3841; x_wconf 88' lang='lat' dir='ltr'><strong>oratorem</strong></span> 
     </span>
     <span class='ocr_line' id='line_1_32' title="bbox 385 3877 1746 3948; baseline -0.004 -17"><span class='ocrx_word' id='word_1_334' title='bbox 385 3881 450 3948; x_wconf 88' lang='lat' dir='ltr'><strong>apud</strong></span> <span class='ocrx_word' id='word_1_335' title='bbox 469 3880 590 3932; x_wconf 85' lang='lat' dir='ltr'><strong>Solimum</strong></span> <span class='ocrx_word' id='word_1_336' title='bbox 609 3881 749 3931; x_wconf 85' lang='lat' dir='ltr'><strong>Turcarum</strong></span> <span class='ocrx_word' id='word_1_337' title='bbox 769 3881 947 3946; x_wconf 80' lang='lat' dir='ltr'><strong>imperatorem</strong></span> <span class='ocrx_word' id='word_1_338' title='bbox 966 3877 1071 3941; x_wconf 69' lang='lat' dir='ltr'><strong>Pighius</strong></span> <span class='ocrx_word' id='word_1_339' title='bbox 1089 3879 1120 3929; x_wconf 89' lang='grc'><strong>66</strong></span> <span class='ocrx_word' id='word_1_340' title='bbox 1138 3884 1298 3928; x_wconf 88' lang='lat' dir='ltr'><strong>monumento</strong></span> <span class='ocrx_word' id='word_1_341' title='bbox 1318 3879 1455 3943; x_wconf 70' lang='lat' dir='ltr'><strong>ancyrano</strong></span> <span class='ocrx_word' id='word_1_342' title='bbox 1477 3877 1515 3927; x_wconf 90' lang='lat' dir='ltr'><strong>sic</strong></span> <span class='ocrx_word' id='word_1_343' title='bbox 1535 3877 1662 3927; x_wconf 83' lang='lat' dir='ltr'><strong>scribens:</strong></span> <span class='ocrx_word' id='word_1_344' title='bbox 1681 3877 1746 3926; x_wconf 89' lang='lat' dir='ltr'><strong>‘cum</strong></span> 
     </span>
     <span class='ocr_line' id='line_1_33' title="bbox 454 3961 1747 4034; baseline -0.005 -16.35"><span class='ocrx_word' id='word_1_345' title='bbox 454 3968 622 4030; x_wconf 67' lang='grc'>1666666666</span> <span class='ocrx_word' id='word_1_346' title='bbox 644 3966 839 4034; x_wconf 80' lang='lat' dir='ltr'><strong>atluysbeccbe</strong></span> <span class='ocrx_word' id='word_1_347' title='bbox 867 3965 928 4015; x_wconf 90' lang='lat' dir='ltr'><strong>mibi</strong></span> <span class='ocrx_word' id='word_1_348' title='bbox 953 3965 1113 4030; x_wconf 85' lang='lat' dir='ltr'><strong>persuaserit</strong></span> <span class='ocrx_word' id='word_1_349' title='bbox 1136 3964 1252 4030; x_wconf 76' lang='lat' dir='ltr'><strong>Ancyrae</strong></span> <span class='ocrx_word' id='word_1_350' title='bbox 1275 3964 1300 4014; x_wconf 91' lang='lat' dir='ltr'><strong>in</strong></span> <span class='ocrx_word' id='word_1_351' title='bbox 1326 3961 1429 4015; x_wconf 86' lang='lat' dir='ltr'><strong>Galatia</strong></span> <span class='ocrx_word' id='word_1_352' title='bbox 1453 3963 1533 4013; x_wconf 88' lang='lat' dir='ltr'><strong>adbuc</strong></span> <span class='ocrx_word' id='word_1_353' title='bbox 1554 3963 1678 4029; x_wconf 90' lang='lat' dir='ltr'><strong>temporis</strong></span> <span class='ocrx_word' id='word_1_354' title='bbox 1702 3977 1747 4012; x_wconf 86' lang='lat' dir='ltr'><strong>ax-</strong></span> 
     </span>
     <span class='ocr_line' id='line_1_34' title="bbox 385 4046 1746 4116; baseline -0.004 -13"><span class='ocrx_word' id='word_1_355' title='bbox 385 4060 441 4104; x_wconf 89' lang='lat' dir='ltr'><strong>tare</strong></span> <span class='ocrx_word' id='word_1_356' title='bbox 468 4061 495 4103; x_wconf 88' lang='lat' dir='ltr'><strong>et</strong></span> <span class='ocrx_word' id='word_1_357' title='bbox 522 4069 550 4104; x_wconf 91' lang='lat' dir='ltr'><strong>se</strong></span> <span class='ocrx_word' id='word_1_358' title='bbox 575 4053 673 4104; x_wconf 88' lang='lat' dir='ltr'><strong>vidisse</strong></span> <span class='ocrx_word' id='word_1_359' title='bbox 695 4069 797 4116; x_wconf 72' lang='lat' dir='ltr'><strong>magnas</strong></span> <span class='ocrx_word' id='word_1_360' title='bbox 826 4051 949 4102; x_wconf 86' lang='lat' dir='ltr'><strong>breviarii</strong></span> <span class='ocrx_word' id='word_1_361' title='bbox 976 4066 1060 4102; x_wconf 86' lang='lat' dir='ltr'><strong>rerum</strong></span> <span class='ocrx_word' id='word_1_362' title='bbox 1088 4056 1215 4114; x_wconf 73' lang='lat' dir='ltr'><strong>gestarum</strong></span> <span class='ocrx_word' id='word_1_363' title='bbox 1234 4049 1386 4112; x_wconf 77' lang='lat' dir='ltr'><strong>D.Augusti</strong></span> <span class='ocrx_word' id='word_1_364' title='bbox 1412 4046 1536 4112; x_wconf 89' lang='lat' dir='ltr'><strong>reliquias</strong></span> <span class='ocrx_word' id='word_1_365' title='bbox 1563 4047 1746 4112; x_wconf 84' lang='lat' dir='ltr'><strong>antiquissimis</strong></span> 
     </span>
     <span class='ocr_line' id='line_1_35' title="bbox 385 4133 1746 4206; baseline -0.005 -17"><span class='ocrx_word' id='word_1_366' title='bbox 385 4140 534 4190; x_wconf 86' lang='lat' dir='ltr'><strong>marmorcis</strong></span> <span class='ocrx_word' id='word_1_367' title='bbox 552 4139 693 4206; x_wconf 90' lang='lat' dir='ltr'><strong>parietibus</strong></span> <span class='ocrx_word' id='word_1_368' title='bbox 711 4140 853 4206; x_wconf 86' lang='lat' dir='ltr'><strong>insculptas</strong></span> <span class='ocrx_word' id='word_1_369' title='bbox 872 4153 989 4204; x_wconf 86' lang='lat' dir='ltr'><strong>spemque</strong></span> <span class='ocrx_word' id='word_1_370' title='bbox 1007 4135 1101 4188; x_wconf 84' lang='lat' dir='ltr'><strong>iecerit</strong></span> <span class='ocrx_word' id='word_1_371' title='bbox 1119 4152 1162 4188; x_wconf 89' lang='lat' dir='ltr'><strong>eas</strong></span> <span class='ocrx_word' id='word_1_372' title='bbox 1181 4137 1324 4203; x_wconf 86' lang='lat' dir='ltr'><strong>descriptas</strong></span> <span class='ocrx_word' id='word_1_373' title='bbox 1343 4133 1430 4185; x_wconf 87' lang='lat' dir='ltr'><strong>baberi</strong></span> <span class='ocrx_word' id='word_1_374' title='bbox 1449 4133 1506 4184; x_wconf 88' lang='lat' dir='ltr'><strong>inde</strong></span> <span class='ocrx_word' id='word_1_375' title='bbox 1525 4148 1613 4198; x_wconf 86' lang='lat' dir='ltr'><strong>posse,</strong></span> <span class='ocrx_word' id='word_1_376' title='bbox 1631 4134 1746 4198; x_wconf 90' lang='lat' dir='ltr'><strong>quaudo·</strong></span> 
     </span>
     <span class='ocr_line' id='line_1_36' title="bbox 385 4217 1746 4291; baseline -0.004 -17"><span class='ocrx_word' id='word_1_377' title='bbox 385 4225 483 4291; x_wconf 89' lang='lat' dir='ltr'><strong>quidem</strong></span> <span class='ocrx_word' id='word_1_378' title='bbox 507 4225 645 4275; x_wconf 87' lang='lat' dir='ltr'><strong>Christiani</strong></span> <span class='ocrx_word' id='word_1_379' title='bbox 669 4231 823 4276; x_wconf 84' lang='lat' dir='ltr'><strong>mercatores</strong></span> <span class='ocrx_word' id='word_1_380' title='bbox 849 4225 879 4275; x_wconf 89' lang='lat' dir='ltr'><strong>ad</strong></span> <span class='ocrx_word' id='word_1_381' title='bbox 905 4225 970 4274; x_wconf 92' lang='lat' dir='ltr'><strong>illud</strong></span> <span class='ocrx_word' id='word_1_382' title='bbox 995 4223 1097 4274; x_wconf 85' lang='lat' dir='ltr'><strong>celebre</strong></span> <span class='ocrx_word' id='word_1_383' title='bbox 1121 4224 1259 4290; x_wconf 85' lang='lat' dir='ltr'><strong>emporium</strong></span> <span class='ocrx_word' id='word_1_384' title='bbox 1282 4222 1384 4288; x_wconf 89' lang='lat' dir='ltr'><strong>saepius</strong></span> <span class='ocrx_word' id='word_1_385' title='bbox 1409 4219 1618 4286; x_wconf 63' lang='lat' dir='ltr'><strong>proficiscantur,</strong></span> <span class='ocrx_word' id='word_1_386' title='bbox 1637 4217 1746 4270; x_wconf 86' lang='lat' dir='ltr'><strong>liiminm</strong></span> 
     </span>
     <span class='ocr_line' id='line_1_37' title="bbox 385 4305 1746 4376; baseline -0.004 -14"><span class='ocrx_word' id='word_1_387' title='bbox 385 4319 460 4376; x_wconf 74' lang='lat' dir='ltr'><strong>rogat</strong></span> <span class='ocrx_word' id='word_1_388' title='bbox 482 4319 510 4360; x_wconf 86' lang='lat' dir='ltr'><strong>ut</strong></span> <span class='ocrx_word' id='word_1_389' title='bbox 534 4326 585 4360; x_wconf 85' lang='lat' dir='ltr'><strong>ram</strong></span> <span class='ocrx_word' id='word_1_390' title='bbox 609 4311 634 4360; x_wconf 92' lang='lat' dir='ltr'><strong>in</strong></span> <span class='ocrx_word' id='word_1_391' title='bbox 660 4325 688 4360; x_wconf 93' lang='lat' dir='ltr'><strong>se</strong></span> <span class='ocrx_word' id='word_1_392' title='bbox 711 4309 847 4376; x_wconf 80' lang='lat' dir='ltr'><strong>suseipiat3</strong></span> <span class='ocrx_word' id='word_1_393' title='bbox 871 4316 985 4376; x_wconf 88' lang='lat' dir='ltr'><strong>sumptus</strong></span> <span class='ocrx_word' id='word_1_394' title='bbox 1009 4309 1040 4359; x_wconf 94' lang='lat' dir='ltr'><strong>ab</strong></span> <span class='ocrx_word' id='word_1_395' title='bbox 1058 4310 1172 4374; x_wconf 65' lang='lat' dir='ltr'><strong>duperia</strong></span> <span class='ocrx_word' id='word_1_396' title='bbox 1195 4309 1344 4359; x_wconf 89' lang='lat' dir='ltr'><strong>aestimatos</strong></span> <span class='ocrx_word' id='word_1_397' title='bbox 1365 4322 1400 4357; x_wconf 84' lang='lat' dir='ltr'><strong>xx</strong></span> <span class='ocrx_word' id='word_1_398' title='bbox 1419 4313 1464 4357; x_wconf 89' lang='lat' dir='ltr'><strong>ant</strong></span> <span class='ocrx_word' id='word_1_399' title='bbox 1480 4321 1535 4356; x_wconf 84' lang='lat' dir='ltr'><strong>xxx</strong></span> <span class='ocrx_word' id='word_1_400' title='bbox 1553 4305 1699 4356; x_wconf 80' lang='lat' dir='ltr'><strong>ducatorum</strong></span> <span class='ocrx_word' id='word_1_401' title='bbox 1718 4320 1746 4356; x_wconf 88' lang='lat' dir='ltr'><strong>se</strong></span> 
     </span>
     <span class='ocr_line' id='line_1_38' title="bbox 385 4389 1745 4460; baseline -0.005 -12"><span class='ocrx_word' id='word_1_402' title='bbox 385 4397 504 4448; x_wconf 85' lang='lat' dir='ltr'><strong>lubenter</strong></span> <span class='ocrx_word' id='word_1_403' title='bbox 521 4397 699 4447; x_wconf 83' lang='lat' dir='ltr'><strong>toleraturum.</strong></span> <span class='ocrx_word' id='word_1_404' title='bbox 730 4395 807 4446; x_wconf 80' lang='lat' dir='ltr'><strong>addit</strong></span> <span class='ocrx_word' id='word_1_405' title='bbox 825 4394 941 4448; x_wconf 84' lang='lat' dir='ltr'><strong>loannem</strong></span> <span class='ocrx_word' id='word_1_406' title='bbox 959 4396 1108 4447; x_wconf 88' lang='lat' dir='ltr'><strong>Sambucum</strong></span> <span class='ocrx_word' id='word_1_407' title='bbox 1127 4395 1157 4445; x_wconf 92' lang='lat' dir='ltr'><strong>de</strong></span> <span class='ocrx_word' id='word_1_408' title='bbox 1176 4395 1263 4446; x_wconf 88' lang='lat' dir='ltr'><strong>eadem</strong></span> <span class='ocrx_word' id='word_1_409' title='bbox 1283 4408 1311 4444; x_wconf 89' lang='lat' dir='ltr'><strong>re</strong></span> <span class='ocrx_word' id='word_1_410' title='bbox 1330 4394 1484 4460; x_wconf 88' lang='lat' dir='ltr'><strong>scripturum</strong></span> <span class='ocrx_word' id='word_1_411' title='bbox 1504 4406 1560 4442; x_wconf 87' lang='lat' dir='ltr'><strong>esse</strong></span> <span class='ocrx_word' id='word_1_412' title='bbox 1579 4392 1609 4440; x_wconf 89' lang='lat' dir='ltr'><strong>ad</strong></span> <span class='ocrx_word' id='word_1_413' title='bbox 1629 4389 1745 4456; x_wconf 60' lang='grc'>1165666-</span> 
     </span>
     <span class='ocr_line' id='line_1_39' title="bbox 385 4475 1746 4550; baseline -0.004 -18"><span class='ocrx_word' id='word_1_414' title='bbox 385 4483 453 4534; x_wconf 90' lang='lat' dir='ltr'><strong>dium</strong></span> <span class='ocrx_word' id='word_1_415' title='bbox 472 4481 550 4533; x_wconf 85' lang='lat' dir='ltr'><strong>liimii</strong></span> <span class='ocrx_word' id='word_1_416' title='bbox 568 4497 741 4532; x_wconf 84' lang='lat' dir='ltr'><strong>successorem</strong></span> <span class='ocrx_word' id='word_1_417' title='bbox 760 4481 881 4534; x_wconf 88' lang='lat' dir='ltr'><strong>inturuna.</strong></span> <span class='ocrx_word' id='word_1_418' title='bbox 913 4481 1058 4550; x_wconf 80' lang='lat' dir='ltr'><strong>Respondet</strong></span> <span class='ocrx_word' id='word_1_419' title='bbox 1075 4481 1174 4533; x_wconf 87' lang='lat' dir='ltr'><strong>Rimias</strong></span> <span class='ocrx_word' id='word_1_420' title='bbox 1193 4483 1227 4544; x_wconf 87' lang='lat' dir='ltr'><strong>(a.</strong></span> <span class='ocrx_word' id='word_1_421' title='bbox 1242 4479 1303 4547; x_wconf 77' lang='lat'>254)</span> <span class='ocrx_word' id='word_1_422' title='bbox 1321 4478 1545 4544; x_wconf 83' lang='lat' dir='ltr'><strong>Constantinopoli</strong></span> <span class='ocrx_word' id='word_1_423' title='bbox 1565 4477 1587 4527; x_wconf 91' lang='lat'><strong>1.</strong></span> <span class='ocrx_word' id='word_1_424' title='bbox 1600 4475 1665 4528; x_wconf 81' lang='lat' dir='ltr'><strong>Nor.</strong></span> <span class='ocrx_word' id='word_1_425' title='bbox 1680 4479 1746 4530; x_wconf 81' lang='lat' dir='ltr'><strong>lb&#39;ld</strong></span> 
     </span>
     <span class='ocr_line' id='line_1_40' title="bbox 385 4559 1745 4636; baseline -0.005 -17"><span class='ocrx_word' id='word_1_426' title='bbox 385 4585 423 4632; x_wconf 86' lang='lat' dir='ltr'><strong>se,</strong></span> <span class='ocrx_word' id='word_1_427' title='bbox 442 4569 465 4619; x_wconf 88' lang='lat' dir='ltr'><strong>si</strong></span> <span class='ocrx_word' id='word_1_428' title='bbox 484 4577 560 4620; x_wconf 89' lang='lat' dir='ltr'><strong>antea</strong></span> <span class='ocrx_word' id='word_1_429' title='bbox 578 4569 602 4618; x_wconf 88' lang='lat' dir='ltr'><strong>id</strong></span> <span class='ocrx_word' id='word_1_430' title='bbox 621 4569 652 4618; x_wconf 89' lang='lat' dir='ltr'><strong>ad</strong></span> <span class='ocrx_word' id='word_1_431' title='bbox 671 4585 699 4620; x_wconf 90' lang='lat' dir='ltr'><strong>sc</strong></span> <span class='ocrx_word' id='word_1_432' title='bbox 717 4569 825 4619; x_wconf 86' lang='lat' dir='ltr'><strong>allatum</strong></span> <span class='ocrx_word' id='word_1_433' title='bbox 844 4576 922 4632; x_wconf 89' lang='lat' dir='ltr'><strong>esset,</strong></span> <span class='ocrx_word' id='word_1_434' title='bbox 940 4569 1053 4621; x_wconf 90' lang='lat' dir='ltr'><strong>libenter</strong></span> <span class='ocrx_word' id='word_1_435' title='bbox 1071 4569 1194 4636; x_wconf 90' lang='lat' dir='ltr'><strong>pictorem</strong></span> <span class='ocrx_word' id='word_1_436' title='bbox 1213 4583 1284 4618; x_wconf 88' lang='lat' dir='ltr'><strong>snum</strong></span> <span class='ocrx_word' id='word_1_437' title='bbox 1297 4567 1424 4634; x_wconf 77' lang='lat' dir='ltr'><strong>Ancyram</strong></span> <span class='ocrx_word' id='word_1_438' title='bbox 1438 4565 1572 4615; x_wconf 87' lang='lat' dir='ltr'><strong>missurum</strong></span> <span class='ocrx_word' id='word_1_439' title='bbox 1585 4559 1678 4627; x_wconf 86' lang='lat' dir='ltr'><strong>inisse,</strong></span> <span class='ocrx_word' id='word_1_440' title='bbox 1696 4563 1745 4613; x_wconf 93' lang='lat' dir='ltr'><strong>iam</strong></span> 
     </span>
     <span class='ocr_line' id='line_1_41' title="bbox 385 4649 1746 4722; baseline -0.005 -15"><span class='ocrx_word' id='word_1_441' title='bbox 385 4656 411 4707; x_wconf 90' lang='lat' dir='ltr'><strong>in</strong></span> <span class='ocrx_word' id='word_1_442' title='bbox 436 4663 508 4707; x_wconf 88' lang='lat' dir='ltr'><strong>tanta</strong></span> <span class='ocrx_word' id='word_1_443' title='bbox 531 4655 651 4722; x_wconf 87' lang='lat' dir='ltr'><strong>temporis</strong></span> <span class='ocrx_word' id='word_1_444' title='bbox 670 4656 788 4720; x_wconf 77' lang='lat' dir='ltr'><strong>augustia</strong></span> <span class='ocrx_word' id='word_1_445' title='bbox 807 4663 911 4722; x_wconf 90' lang='lat' dir='ltr'><strong>propter</strong></span> <span class='ocrx_word' id='word_1_446' title='bbox 929 4657 1068 4708; x_wconf 87' lang='lat' dir='ltr'><strong>discessum</strong></span> <span class='ocrx_word' id='word_1_447' title='bbox 1088 4655 1185 4705; x_wconf 88' lang='lat' dir='ltr'><strong>dnobus</strong></span> <span class='ocrx_word' id='word_1_448' title='bbox 1203 4653 1387 4705; x_wconf 86' lang='lat' dir='ltr'><strong>mercatoribus</strong></span> <span class='ocrx_word' id='word_1_449' title='bbox 1405 4651 1496 4702; x_wconf 88' lang='lat' dir='ltr'><strong>amicis</strong></span> <span class='ocrx_word' id='word_1_450' title='bbox 1515 4665 1567 4702; x_wconf 88' lang='lat' dir='ltr'><strong>rem</strong></span> <span class='ocrx_word' id='word_1_451' title='bbox 1587 4649 1746 4701; x_wconf 85' lang='lat' dir='ltr'><strong>mandavisse</strong></span> 
     </span>
     <span class='ocr_line' id='line_1_42' title="bbox 384 4735 1745 4808; baseline -0.005 -16"><span class='ocrx_word' id='word_1_452' title='bbox 384 4742 495 4808; x_wconf 88' lang='lat' dir='ltr'><strong>itemque</strong></span> <span class='ocrx_word' id='word_1_453' title='bbox 507 4742 651 4794; x_wconf 89' lang='lat' dir='ltr'><strong>successori</strong></span> <span class='ocrx_word' id='word_1_454' title='bbox 663 4758 710 4792; x_wconf 88' lang='lat' dir='ltr'><strong>sno</strong></span> <span class='ocrx_word' id='word_1_455' title='bbox 722 4742 813 4793; x_wconf 87' lang='lat' dir='ltr'><strong>baroni</strong></span> <span class='ocrx_word' id='word_1_456' title='bbox 823 4740 980 4806; x_wconf 69' lang='lat' dir='ltr'><strong>queaadio.</strong></span> <span class='ocrx_word' id='word_1_457' title='bbox 993 4771 1019 4779; x_wconf 97' lang='lat'>-</span> <span class='ocrx_word' id='word_1_458' title='bbox 1039 4740 1176 4792; x_wconf 83' lang='lat' dir='ltr'><strong>Praeterea</strong></span> <span class='ocrx_word' id='word_1_459' title='bbox 1188 4741 1307 4792; x_wconf 81' lang='lat' dir='ltr'><strong>videatur</strong></span> <span class='ocrx_word' id='word_1_460' title='bbox 1317 4740 1347 4789; x_wconf 93' lang='lat' dir='ltr'><strong>de</strong></span> <span class='ocrx_word' id='word_1_461' title='bbox 1356 4738 1452 4789; x_wconf 87' lang='lat' dir='ltr'><strong>itinere</strong></span> <span class='ocrx_word' id='word_1_462' title='bbox 1464 4735 1636 4803; x_wconf 84' lang='lat' dir='ltr'><strong>busbequisuo</strong></span> <span class='ocrx_word' id='word_1_463' title='bbox 1644 4751 1667 4787; x_wconf 93' lang='lat' dir='ltr'><strong>a.</strong></span> <span class='ocrx_word' id='word_1_464' title='bbox 1682 4736 1745 4787; x_wconf 84' lang='lat' dir='ltr'><strong>lbbb</strong></span> 
     </span>
     <span class='ocr_line' id='line_1_43' title="bbox 385 4821 1699 4896; baseline -0.005 -17"><span class='ocrx_word' id='word_1_465' title='bbox 385 4828 412 4879; x_wconf 90' lang='lat' dir='ltr'><strong>C.</strong></span> <span class='ocrx_word' id='word_1_466' title='bbox 427 4827 444 4878; x_wconf 90' lang='lat' dir='ltr'><strong>l.</strong></span> <span class='ocrx_word' id='word_1_467' title='bbox 456 4828 484 4879; x_wconf 91' lang='lat' dir='ltr'><strong>L.</strong></span> <span class='ocrx_word' id='word_1_468' title='bbox 503 4827 536 4880; x_wconf 87' lang='lat' dir='ltr'><strong>ill</strong></span> <span class='ocrx_word' id='word_1_469' title='bbox 547 4830 596 4896; x_wconf 83' lang='lat' dir='ltr'><strong>pl</strong></span> <span class='ocrx_word' id='word_1_470' title='bbox 615 4843 727 4896; x_wconf 84' lang='lat' dir='ltr'><strong>quaeque</strong></span> <span class='ocrx_word' id='word_1_471' title='bbox 745 4829 863 4896; x_wconf 76' lang='lat' dir='ltr'><strong>exposuit</strong></span> <span class='ocrx_word' id='word_1_472' title='bbox 882 4825 989 4894; x_wconf 82' lang='lat' dir='ltr'><strong>liiepert</strong></span> <span class='ocrx_word' id='word_1_473' title='bbox 1007 4828 1033 4878; x_wconf 90' lang='lat' dir='ltr'><strong>in</strong></span> <span class='ocrx_word' id='word_1_474' title='bbox 1051 4828 1118 4878; x_wconf 88' lang='lat' dir='ltr'><strong>actis</strong></span> <span class='ocrx_word' id='word_1_475' title='bbox 1136 4825 1275 4878; x_wconf 87' lang='lat' dir='ltr'><strong>menstruis</strong></span> <span class='ocrx_word' id='word_1_476' title='bbox 1293 4825 1362 4876; x_wconf 90' lang='lat' dir='ltr'><strong>acad.</strong></span> <span class='ocrx_word' id='word_1_477' title='bbox 1382 4825 1464 4874; x_wconf 81' lang='lat' dir='ltr'><strong>lierni.</strong></span> <span class='ocrx_word' id='word_1_478' title='bbox 1485 4822 1549 4874; x_wconf 82' lang='grc'>1863</span> <span class='ocrx_word' id='word_1_479' title='bbox 1569 4839 1590 4888; x_wconf 89' lang='lat' dir='ltr'><strong>p.</strong></span> <span class='ocrx_word' id='word_1_480' title='bbox 1604 4821 1652 4871; x_wconf 72' lang='lat'><strong>307</strong></span> <span class='ocrx_word' id='word_1_481' title='bbox 1663 4836 1699 4888; x_wconf 88' lang='lat' dir='ltr'><strong>sq.</strong></span> 
     </span>
    </p>
   </div>
   <div class='ocr_carea' id='block_1_6' title="bbox 0 0 1902 5588">
    <p class='ocr_par' dir='ltr' id='par_1_6' title="bbox 0 0 1902 5588">
     <span class='ocr_line' id='line_1_44' title="bbox 0 0 1902 5588; baseline 0 0"><span class='ocrx_word' id='word_1_482' title='bbox 0 0 1902 5588; x_wconf 95' lang='lat' dir='ltr'><strong> </strong></span> 
     </span>
    </p>
   </div>
  </div>
 </body>
</html>
