3812 5580
816 443 963 500 oeleou
1504 455 1565 519 201

209 619 254 690 civ
276 622 462 710 κατήγαγον
482 625 672 708 (sequebatur
694 627 849 701 numerus)
872 633 902 687 et
919 627 967 700 13,
986 628 1024 688 15
1040 623 1077 699 ἐξ
1091 619 1136 690 ὦν
1151 629 1225 706 (scil.
1242 625 1381 706 δούλιον)
1398 639 1485 713 τρεῖς
1500 651 1568 695 που

207 727 373 813 μυριάδας
396 727 587 810 παρέδωκα,
610 749 670 810 quo
692 729 783 790 altero
806 729 870 790 loco
893 747 930 789 ne
953 729 982 790 in
1007 728 1110 792 latino
1132 732 1251 812 quidem
1267 734 1400 815 exemplo
1417 735 1567 816 praeposi-

208 834 249 897 tio
271 843 411 916 usurpata
434 833 490 895 luit
513 837 673 910 (servorum
689 853 753 893 m
772 834 836 912 sere
851 832 943 894 millio
957 835 1087 907 trodr'dal.
1117 833 1248 897 Pessime
1263 835 1370 899 llorere
1386 838 1430 899 bis
1445 838 1568 900 vertitur

208 934 266 999 ἐπὶ
288 931 410 1018 Ῥώμης
432 954 492 998 non
515 936 613 997 solum
635 936 666 996 in
691 935 775 997 titulo
791 935 994 998 commentarii
1009 937 1197 1018 neglegenter
1212 940 1389 1021 conscripto,
1413 939 1566 1003 sedetiam

208 1041 237 1114 o,
253 1043 282 1114 5,
305 1059 401 1120 neque
429 1039 596 1101 detenditur
618 1039 677 1100 boo
699 1057 734 1100 eo
755 1039 835 1118 quod
855 1037 1013 1120 llionysius
1035 1041 1128 1121 (velut
1147 1041 1172 1101 ll
1188 1041 1240 1111 56)
1263 1039 1487 1124 ἐκκλησιάζειν
1509 1042 1567 1104 ἐπὶ

207 1139 430 1227 στρατοπέδου
461 1144 550 1218 dixit3
576 1143 704 1224 pessime
731 1143 818 1204 etiam
849 1143 895 1202 vel
922 1151 1024 1204 contra
1053 1144 1218 1224 exemplum
1242 1143 1378 1207 Latinum
1402 1147 1432 1208 in
1455 1146 1567 1208 addita-

208 1257 308 1311 mento
330 1248 407 1309 idem
432 1245 495 1308 sine
518 1246 608 1308 dubio
630 1246 721 1308 homo
743 1244 860 1326 scripsit
876 1240 1106 1328 ἡριθμημένου
1120 1243 1285 1329 χρήματος
1300 1240 1346 1320 εἷς
1359 1247 1396 1310 εδ
1413 1241 1569 1331 αλράριον

206 1349 226 1435 ἡ
254 1352 315 1425 εἰς
344 1349 401 1414 τὸν
428 1349 535 1434 δὴμον
562 1348 619 1412 τὸν
644 1342 819 1432 Ῥωμαίων
849 1345 868 1432 ἡ
895 1349 954 1423 εἷς
980 1347 1056 1423 τούς
1079 1345 1344 1432 ἀπολελυμένους
1366 1348 1567 1434 στρατιώτας

206 1455 295 1534 (dedat
316 1460 345 1517 iu
360 1458 508 1517 οετοτὴιια
524 1454 569 1516 ccl
580 1453 675 1534 plebei
689 1452 837 1515 llomonoe
855 1453 899 1515 vel
913 1455 1034 1516 dimissis
1048 1452 1211 1532 milr'tr'bus);
1235 1453 1291 1515 dici
1305 1463 1404 1536 potest
1418 1453 1568 1538 χρὴματα

206 1557 362 1622 δαπανᾶν
391 1557 439 1631 ελς
460 1555 536 1630 τούς
558 1554 771 1640 στρατιώτας,
798 1575 886 1618 nemo
909 1575 977 1617 vero
1000 1556 1073 1617 dixit
1100 1553 1250 1638 χρὴματα
1276 1559 1332 1634 (vel
1354 1558 1426 1620 adeo
1447 1560 1568 1641 χρῆμα)

205 1657 366 1745 ἀριθμεῖν
390 1659 438 1734 eir
463 1657 539 1732 τοὺς
567 1655 777 1741 στρατιώτας.
823 1659 920 1720 llinus
942 1669 1021 1721 recte
1044 1660 1131 1722 etiam
1155 1661 1184 1734 4,
1206 1661 1226 1722 4
1248 1658 1306 1722 ent
1330 1659 1384 1744 ἔτη
1407 1659 1568 1745 τεσσαρά-

206 1785 306 1828 κοντα
328 1763 416 1826 vertit
437 1763 466 1825 id
489 1763 567 1843 quod
590 1763 693 1824 lacuna
716 1763 856 1824 baustum
880 1771 959 1824 recte
983 1765 1013 1826 in
1037 1763 1149 1826 latinis
1163 1763 1334 1827 restitutum
1352 1775 1397 1827 est
1408 1784 1462 1846 per
1476 1785 1568 1829 anuos

206 1870 406 1950 quodraginta.
451 1867 510 1928 Nec
535 1865 663 1945 denique
684 1865 714 1926 in
738 1865 834 1927 verbis
857 1885 924 1928 oum
948 1866 1213 1949 praepositionibus
1235 1869 1406 1948 compositis
1428 1868 1567 1949 eligendis

206 1971 349 2034 abstinuit
368 1969 532 2041 erroribus,
559 1969 639 2030 velut
662 1969 691 2040 6,
708 1968 732 2042 2,
755 1971 944 2032 secerdotium
967 1975 1028 2050 cepi
1047 1970 1122 2032 male
1143 1970 1268 2032 reddidit
1288 1969 1347 2053 τὴν
1368 1964 1567 2055 ἀρχιερωσύ-

208 2096 268 2159 νην
290 2070 465 2158 ἀνείληφα.

304 2174 478 2240 ‘Verborum
507 2176 641 2239 ordinem
669 2176 845 2257 plerumque
866 2197 934 2240 eum
958 2197 1046 2258 quem
1069 2178 1221 2256 llugustus
1244 2179 1407 2260 praeiverat
1432 2189 1566 2248 accurate

207 2282 339 2345 imitatus
366 2289 412 2344 est
439 2299 499 2342 non
520 2289 662 2361 reputans
685 2280 801 2362 saepius
824 2281 878 2343 hac
900 2281 930 2343 in
959 2299 990 2342 re
1012 2281 1092 2362 quod
1113 2281 1253 2344 Romanis
1275 2282 1375 2344 liceret
1397 2301 1457 2344 non
1480 2284 1568 2346 licere

206 2386 284 2448 idem
321 2384 447 2448 Graecis.
504 2383 568 2445 Non
602 2383 712 2445 babent
744 2384 938 2446 offensionem
968 2385 1069 2447 Latine
1103 2385 1158 2465 (2,
1186 2385 1225 2466 2)
1252 2390 1283 2447 ιά
1312 2386 1460 2450 renudato
1488 2399 1568 2450 scuto

206 2509 319 2552 απειιοι
337 2487 440 2570 popula·
460 2486 575 2568 conlega
597 2485 636 2548 Μ.
651 2489 776 2567 Agrippa
803 2492 855 2568 egi,
878 2488 988 2549 babent
1003 2489 1110 2550 Graeca
1133 2488 1175 2567 (4,
1195 2490 1242 2551 10.
1261 2490 1312 2564 11)
1334 2481 1427 2552 ἕκτον
1443 2483 1568 2564 ὕπατος

205 2589 264 2675 τὴν
286 2586 509 2673 άποτείμησιν
530 2590 588 2652 τοῦ
610 2586 716 2671 δήμου
740 2584 946 2673 συνάρχοντα
969 2588 1051 2668 ἔχων
1075 2589 1215 2670 Μάρκον
1232 2585 1424 2672 Ἀγρίππαν
1448 2589 1568 2674 ἔλαβον

206 2692 360 2774 diremptis
392 2712 468 2773 quae
498 2711 558 2754 non
592 2700 676 2754 erant
704 2691 868 2754 dirimenda
897 2693 994 2754 verbis
1025 2692 1083 2775 τὴν
1116 2687 1342 2778 άποτείμησιν
1374 2705 1404 2758 et
1436 2693 1566 2777 ἔλαβον.

206 2798 346 2862 Similiter
366 2796 421 2859 alia
444 2796 537 2858 multa
559 2796 647 2858 etiem
670 2803 773 2859 contra
794 2796 921 2877 llugusti
942 2797 1126 2877 exemplum,
1158 2798 1238 2860 velut
1259 2800 1288 2872 4,
1306 2799 1345 2860 17
1368 2796 1469 2882 μόνος
1491 2800 1566 2862 male

206 2910 374 2983 separatum
401 2909 447 2962 est
468 2918 484 2961 a
506 2899 596 2962 verbo
619 2896 755 2980 ἔλαβον,
785 2909 865 2963 recte
887 2903 1039 2980 Augustus
1067 2900 1144 2964 solus
1172 2903 1242 2983 [τώς
1269 2902 1369 2983 inepto
1391 2902 1455 2964 loco
1480 2903 1565 2977 10,7

200 3001 397 3068 Ὀκταουίαν
417 3003 563 3064 insertum
586 3012 641 3076 eet,
664 3003 742 3083 quod
766 3023 820 3065 suo
843 3004 907 3066 loco
929 3013 1068 3083 posuerat
1089 3003 1248 3084 Augustus.
1294 3005 1481 3086 Lapidarium
1505 3009 1566 3068 lor-

207 3115 283 3170 tasse
305 3125 388 3170 reum
413 3106 554 3168 iaciemus
579 3106 662 3181 13‚3
685 3101 722 3168 ui
745 3105 776 3170 δ’
798 3101 936 3190 ἥσσονες
963 3102 1099 3180 πλείους
1121 3104 1365 3190 ἐναυμάχησαν,
1392 3107 1443 3171 ubi
1466 3109 1567 3189 requi-

204 3213 281 3274 ritur
303 3206 340 3272 ui
362 3208 400 3272 dl
415 3207 551 3283 πλείους
567 3204 704 3293 ἡσσονες
719 3206 833 3290 δναυμ.
856 3245 898 3254 -
920 3209 1114 3290 Negationem
1130 3209 1223 3290 legem
1240 3211 1423 3273 subtiliorem
1441 3212 1567 3293 turpiter

205 3314 323 3378 violarit
343 3313 489 3394 interpres
513 3313 562 3388 16,
580 3315 618 3373 17
642 3307 803 3376 οὐδέποτε
826 3311 891 3395 πρὸ
907 3310 1023 3375 τούτου
1040 3315 1121 3390 (τοῦ)
1141 3305 1260 3393 χρόνου
1284 3308 1451 3397 operteat
1474 3314 1567 3398 παρά

202 3413 373 3496 Ῥωμαίων
400 3411 551 3501 ἡχεμδνι,
580 3416 630 3478 ubi
657 3415 754 3477 omitti
776 3433 837 3477 non
859 3416 957 3495 potuit
982 3409 1102 3478 οὐδενί.
1130 3450 1163 3462 -
1189 3416 1267 3478 Nihil
1295 3417 1389 3480 dicam
1421 3417 1457 3479 de
1485 3418 1566 3480 verbi

206 3539 346 3601 generum
377 3539 434 3583 usu
456 3519 608 3598 ambiguo,
637 3538 817 3600 quamquam
848 3519 875 3592 1,
897 3518 917 3578 2
943 3517 981 3581 τὸ
1004 3515 1189 3603 στράτευμα
1206 3515 1439 3603 ἡτοιμασάμην
1460 3521 1566 3584 melius

205 3633 283 3686 certe
305 3623 474 3704 scripsisset
488 3641 576 3703 quam
594 3623 673 3702 quod
692 3621 810 3703 scripsit
825 3615 992 3704 ἡτοίμασα
1007 3625 1056 3702 (cl.
1072 3623 1126 3684 llio
1141 3622 1192 3696 48,
1208 3622 1249 3684 35
1265 3627 1429 3703 στρατεία,
1453 3619 1493 3708 ἡν
1508 3623 1566 3687 ἐπὶ

204 3725 279 3800 τοὺς
297 3722 456 3808 Πάρθους
477 3719 701 3810 ἡτοιμάζετο),
724 3724 834 3788 rectius
854 3725 976 3787 omnino
999 3725 1055 3787 alio
1077 3725 1166 3788 verbo
1189 3744 1307 3799 usurus,
1329 3745 1425 3808 neque
1446 3727 1566 3808 litigabo

205 3848 273 3891 oum
296 3829 418 3892 bomine
440 3829 549 3892 Graece
571 3829 689 3891 indocto
711 3829 746 3890 de
769 3828 951 3909 singulorum
976 3829 1197 3892 enuntiatorum
1221 3829 1437 3905 coniunctione,
1460 3851 1566 3911 quam-

204 3951 292 4013 quam
321 3941 394 3994 sunt
420 3952 495 4014 qnae
522 3935 568 3994 rel
597 3933 707 3994 tirones
735 3932 811 3994 male
838 3931 977 4006 habeant,
1005 3933 1084 3994 velut
1105 3934 1188 4006 4,1t
1214 3953 1293 4014 sqq.;
1326 3953 1385 3996 non
1407 3953 1567 4016 persequar

204 4036 275 4097 baec
297 4045 326 4097 et
348 4035 464 4110 similia,
487 4054 579 4116 pauca
601 4055 655 4116 per
676 4043 806 4098 saturam
830 4035 984 4098 additurus
1006 4045 1172 4098 memoratu
1195 4035 1289 4116 digna.
1334 4035 1475 4100 Confecto
1490 4038 1566 4101 bello

205 4139 282 4200 cirili
302 4139 454 4218 llugustus
480 4140 506 4212 1,
530 4140 568 4200 15
591 4149 726 4202 externas
750 4149 851 4220 gentes
874 4139 982 4219 quibus
1005 4147 1070 4200 tuto
1091 4139 1204 4219 ignosci
1225 4148 1326 4221 posset
1348 4159 1379 4201 se
1402 4140 1472 4203 dicit
1499 4159 1566 4204 coo·

204 4261 318 4305 encore
341 4261 427 4324 ηιιοαι
449 4242 580 4305 occidere
602 4244 753 4318 τηαλασσα
774 4242 918 4324 pervertit
939 4244 1011 4305 baec
1025 4243 1097 4305 adeo
1113 4252 1147 4303 ut
1160 4242 1286 4305 absurda
1302 4232 1408 4306 fierent
1421 4243 1566 4325 interpres

206 4347 247 4424 (1,
268 4345 321 4422 23)
348 4345 480 4408 scribens
507 4343 617 4407 ἔσωσα
638 4343 765 4427 μᾶλλον
794 4343 814 4429 ἡ
837 4343 981 4429 δξέκοψα
1035 4345 1203 4407 lnauditum
1226 4347 1312 4427 plane
1335 4346 1450 4409 dicendi
1473 4366 1566 4427 genus

205 4458 251 4512 est
272 4448 301 4522 2,
318 4447 359 4509 23
386 4449 442 4510 καὶ
473 4445 560 4533 ἡμην
585 4445 783 4529 τριακοστὸν
811 4448 867 4510 καὶ
898 4447 1040 4531 ἕβδομον
1066 4446 1266 4532 δημαρχικῆς
1289 4446 1456 4526 ἐξουσίας,
1487 4451 1566 4531 quod

204 4571 242 4615 ne
270 4551 406 4614 Orosiani
432 4553 552 4633 quidem
580 4552 659 4632 quod
686 4552 829 4632 Berglrius
855 4552 991 4614 excitarit
1017 4552 1143 4633 exempli
1171 4552 1290 4614 audacia
1317 4553 1416 4630 (Oros.
1439 4573 1467 4614 rr
1486 4573 1510 4617 ιε
1536 4565 1567 4616 ut

204 4660 235 4718 r'n
252 4666 424 4736 perpetuum
446 4655 613 4718 tubuuicice
632 4660 779 4736 potestatis
793 4659 873 4730 auct)
889 4654 1060 4735 explicatur,
1083 4655 1193 4717 nedum
1214 4655 1390 4717 defenditur.
1435 4656 1565 4736 Denique

204 4759 360 4821 ridiculum
377 4777 446 4821 sane
468 4759 650 4838 ignorantiae
669 4759 836 4839 exemplum
859 4759 1006 4839 interpres
1025 4759 1117 4821 edidit
1134 4760 1183 4830 15,
1200 4757 1249 4830 19,
1272 4767 1350 4820 recte
1366 4759 1395 4820 id
1410 4778 1425 4820 a
1443 4758 1566 4837 llergkio

204 4861 400 4942 exagitatum3
424 4861 542 4942 scripsit
557 4862 709 4943 Augustus
732 4863 857 4925 colonius
870 4866 902 4924 r‘o
917 4863 1015 4944 Africo
1031 4861 1129 4925 Sicilie
1143 4861 1309 4924 Macedonio
1322 4871 1444 4942 utroque
1458 4860 1566 4940 Hirpo-
