3812 5580
334 447 396 512 140
938 443 987 510 VI,
1010 445 1076 499 1-3

326 625 468 687 Evarrsius
492 626 523 704 (l.
539 645 565 686 c.
581 645 609 706 p.
629 626 700 700 159)
724 643 863 686 nummos
885 624 1041 705 inscriptos
1057 624 1080 686 T
1079 630 1123 687 inc
1140 672 1147 686 .
1165 672 1172 687 .
1190 673 1197 686 .
1215 625 1254 700 .¹)
1280 625 1391 688 Commi
1409 626 1525 708 (lilius),
1549 635 1681 705 repertos

327 730 497 810 praesertim
526 729 557 790 in
589 729 706 808 regione
728 731 850 803 Susam,
881 739 1036 810 potestque
1064 732 1186 791 lortasse
1215 730 1330 792 delendi
1358 730 1387 792 iu
1414 729 1507 810 lapide
1529 730 1682 810 Anagrana

327 832 506 914 superfuisse
535 853 593 894 rm
625 842 655 895 et
683 842 860 915 postremam
887 833 1014 894 litteram
1043 836 1164 894 fractam
1193 851 1292 894 errore
1319 852 1372 913 pro
1395 853 1417 894 u
1439 841 1586 913 acceptam
1608 851 1681 893 esse.

328 937 383 998 Sed
407 936 437 998 in
460 936 604 998 eiusmodi
628 956 659 998 re
682 937 773 998 satius
796 945 841 998 est
862 935 1008 998 abstinere
1030 957 1046 998 a
1068 937 1254 998 coniecturis.

427 1041 468 1102 De
490 1041 620 1102 Maeloue
644 1041 685 1103 sic
709 1040 814 1104 Strabo
837 1042 865 1115 7,
884 1041 911 1112 1,
927 1041 946 1100 4
962 1060 991 1120 p.
1008 1039 1068 1101 291
1092 1041 1165 1102 bella
1189 1060 1328 1102 enarrans
1344 1039 1467 1121 Augusti
1490 1050 1591 1102 contra
1607 1041 1682 1102 Ger-

327 1163 444 1206 manos:
468 1141 604 1228 ἤρξαντο
628 1141 664 1205 dd
685 1143 742 1206 τοῦ
758 1139 905 1225 πολέμου
921 1140 1130 1226 Σούγαμβροι
1147 1143 1291 1227 πλησίον
1306 1144 1469 1216 οἰκοῦντες
1482 1145 1540 1206 τοῦ
1553 1139 1681 1227 Ῥήνου,

330 1247 474 1310 Μέλωνα
497 1245 623 1327 ἔχοντες
646 1243 788 1330 ἡγεμόνα
794 1275 804 1324 ,·
827 1247 897 1308 item
920 1267 949 1327 p.
966 1246 1027 1308 292
1051 1257 1150 1310 narrat
1166 1249 1196 1311 in
1213 1249 1364 1328 triumpho
1379 1247 1544 1309 Germanici
1559 1248 1681 1310 ductum

326 1371 390 1412 esse
405 1351 597 1431 Deudorigem
615 1350 737 1412 Melonis
760 1351 858 1411 iratris
880 1349 971 1410 ulium
990 1351 1196 1430 Sugambrnm.
1235 1353 1258 1412 Α
1275 1351 1447 1431 Sugambris
1470 1369 1536 1412 cum
1553 1351 1682 1432 Usipetis

327 1464 356 1516 et
378 1455 529 1516 Tencteris
551 1453 692 1514 Romanis
715 1453 791 1515 illata
815 1462 860 1515 est
881 1453 977 1514 clades
994 1453 1121 1516 Lolliana
1143 1475 1168 1516 a.
1186 1455 1247 1517 738
1271 1453 1475 1533 (11105426,
1503 1453 1629 1516 Velleius
1652 1455 1681 1528 2,

327 1559 384 1632 97;
401 1557 561 1620 Suetonius
577 1557 650 1636 bug.
666 1555 734 1632 23);
757 1556 861 1618 deiude
876 1575 977 1637 paoem
994 1560 1126 1619 lecerunt
1143 1559 1207 1629 illio
1221 1559 1240 1620 l.
1257 1577 1298 1632 ος
1322 1557 1419 1619 Horat
1434 1575 1522 1619 carm.
1540 1558 1568 1630 4,
1585 1557 1615 1631 2,
1631 1557 1682 1619 36.

332 1664 379 1735 14,
398 1664 434 1723 51
453 1661 551 1722 addito
566 1659 691 1721 Tranlrio
707 1663 772 1721 last.
789 1661 859 1721 Hor.
875 1680 904 1740 p.
921 1660 999 1734 2083
1021 1661 1154 1742 Propert.
1171 1664 1199 1737 5,
1215 1662 1243 1734 6,
1261 1663 1325 1737 77),
1342 1662 1392 1723 sed
1408 1681 1476 1722 curn
1492 1661 1684 1723 rebellassent

328 1785 354 1827 a.
371 1766 448 1838 742,
476 1765 612 1844 deinceps
641 1765 774 1825 allruso
802 1783 895 1843 eoque
925 1772 1041 1825 mortuo
1066 1785 1082 1825 a
1104 1765 1221 1827 Tiberio
1244 1765 1360 1846 saepius
1383 1763 1451 1825 victi
1475 1763 1540 1839 (Dio
1564 1766 1615 1838 54,
1630 1763 1681 1826 32.

329 1869 380 1931 33.
397 1868 449 1945 36)
474 1867 607 1930 debellati
630 1868 746 1929 tandem
770 1887 794 1928 a.
812 1868 873 1929 746
897 1867 963 1946 (uio
980 1869 1029 1940 55,
1045 1867 1080 1940 6,
1102 1869 1173 1930 ven.
1190 1869 1219 1942 2,
1236 1869 1290 1948 97)
1313 1879 1344 1930 et
1365 1869 1395 1929 iu
1413 1867 1532 1930 Galliam
1558 1869 1684 1930 traducti

331 1980 410 2034 sunt.
455 1970 612 2033 Suetonius
627 1971 699 2050 Aug.
717 1968 774 2030 21:
797 1969 903 2032 Suebos
924 1981 950 2031 et
968 1969 1133 2051 Sigambros
1155 1973 1283 2034 dedentes
1303 1993 1332 2035 se
1354 1973 1488 2035 traducit
1509 1975 1540 2033 in
1558 1969 1684 2034 Galliam

327 2087 409 2156 atque
438 2080 468 2136 in
493 2077 636 2154 proairm's
662 2072 759 2135 liberm
788 2077 864 2154 apris
890 2073 1045 2136 collocavit.
1094 2075 1158 2137 Tib.
1183 2077 1201 2138 9
1234 2077 1313 2151 (inde
1343 2076 1466 2138 Orosius
1489 2076 1523 2149 6,
1546 2076 1601 2150 21,
1626 2076 1683 2149 24;

327 2179 486 2259 Eutropius
512 2180 540 2252 7,
560 2179 608 2258 m:
643 2177 812 2239 Germanico
840 2177 938 2254 (bello)
969 2180 1160 2260 quadraginta
1189 2181 1269 2242 mitia
1298 2180 1493 2242 dediticiorum
1519 2183 1629 2242 traiecit
1651 2184 1683 2240 ia

329 2283 453 2345 Galliam
474 2287 611 2363 letataque
633 2285 727 2361 ripam
742 2281 835 2343 libeni
854 2282 966 2343 sedibus
988 2282 1144 2362 adsignatis
1166 2283 1322 2346 collocarit.
1352 2283 1487 2344 Tiberius
1503 2281 1580 2363 apud
1595 2281 1683 2344 Taci-

328 2396 390 2448 tum
415 2404 483 2446 ann.
501 2385 530 2458 2,
546 2385 588 2447 26
605 2389 653 2460 (ο1.
676 2385 724 2458 12,
742 2385 795 2464 39)
823 2384 953 2446 scribens
975 2385 1011 2445 ad
1034 2385 1240 2447 Germanicum
1263 2407 1292 2448 se
1313 2391 1410 2448 novies
1431 2407 1450 2448 a
1472 2387 1536 2448 divo
1559 2387 1683 2466 Augusto

326 2495 357 2551 in
381 2488 563 2551 Germaniam
585 2493 702 2550 missum
723 2489 811 2569 plura
833 2490 947 2550 cornilio
970 2508 1054 2568 qaam
1077 2494 1108 2552 oi
1126 2493 1286 2570 perfecisse.
1309 2495 1348 2552 sia
1363 2490 1537 2569 Supambras
1558 2494 1588 2550 in
1604 2489 1684 2550 dedi-

326 2598 430 2654 tionem
457 2603 589 2673 aceeptos.
635 2593 730 2654 Strab.
748 2595 776 2664 7,
801 2593 828 2665 1,
851 2593 869 2653 3
893 2612 922 2673 p.
939 2591 1010 2653 2911.
1050 2591 1122 2654 Vict.
1146 2594 1213 2673 epit.
1232 2595 1258 2664 1,
1275 2596 1303 2654 7.
1340 2593 1493 2654 Probabile
1519 2601 1565 2654 est
1592 2613 1681 2672 quam

325 2700 423 2775 lugam
446 2697 481 2758 ad
504 2716 535 2758 se
558 2695 633 2776 regis
656 2715 759 2758 eorum
782 2695 921 2757 Maelonis
936 2696 1085 2775 Augustus
1106 2697 1239 2778 appellat,
1263 2715 1327 2758 eam
1350 2696 1386 2759 ab
1409 2696 1554 2760 deditione
1577 2717 1603 2758 a.
1620 2697 1683 2759 746

326 2819 385 2861 uon
408 2819 472 2862 esse
494 2800 649 2861 diversam.

425 2903 579 2964 Postremo
600 2902 664 2964 loco
686 2922 773 2982 quem
797 2902 918 2964 intrusit
934 2902 1073 2982 Rergliius
1089 2903 1301 2965 Maroboduum
1324 2904 1434 2966 abusus
1450 2904 1513 2965 loco
1530 2903 1683 2966 Strabonis

327 3010 355 3080 7,
374 3009 401 3081 1,
418 3006 436 3066 3
452 3026 480 3087 p.
497 3007 573 3080 290,
601 3025 669 3068 eum
698 3006 756 3068 iarn
780 3005 898 3086 expellit
920 3006 1006 3068 lectio
1029 3007 1157 3087 expleta;
1180 3007 1281 3068 eadem
1304 3016 1402 3069 autem
1427 3007 1601 3070 monstravit
1623 3027 1683 3068 non

327 3112 363 3172 de
386 3110 521 3190 pluribus
544 3110 726 3172 diversorum
750 3110 926 3190 populorum
950 3110 1068 3190 regibus
1092 3110 1139 3171 bic
1161 3110 1347 3190 cogitandum
1370 3131 1445 3184 esse,
1470 3120 1502 3172 ut
1524 3111 1683 3190 cogitaram

326 3235 395 3294 ego,
426 3214 475 3274 sed
499 3233 592 3275 unum
616 3213 743 3292 intellegi
765 3232 863 3292 regem
888 3213 1142 3276 Marcomanorum
1166 3213 1342 3276 Sueborum.
1388 3215 1552 3276 Sueborum
1577 3224 1682 3276 notum

325 3327 452 3379 estnon
476 3336 564 3378 unam
587 3327 702 3396 gentem
727 3315 826 3389 luisse,
849 3317 899 3378 sed
922 3317 1047 3398 propriis
1063 3317 1231 3379 nationibus
1246 3317 1476 3398 nominibusque
1491 3339 1541 3380 eos
1557 3317 1685 3379 discerni

327 3421 425 3499 (verba
449 3431 519 3482 sunt
541 3421 633 3482 Taciti
655 3422 752 3482 Germ.
769 3419 832 3500 33),
856 3419 985 3500 itemque
1009 3420 1210 3482 Marcomanos
1237 3420 1328 3482 luisse
1358 3441 1393 3482 ex
1423 3420 1529 3484 Suebis
1552 3420 1685 3495 (Tacitus

327 3543 394 3586 aun.
421 3526 454 3599 1,
476 3525 525 3585 44.
556 3523 585 3596 2,
602 3524 642 3585 62
664 3525 722 3598 al).
767 3523 864 3586 Nilrilo
894 3523 992 3584 minus
1016 3522 1122 3585 mirum
1146 3531 1192 3584 est
1214 3525 1270 3585 boc
1293 3522 1466 3585 vocabulum
1489 3522 1576 3595 adici,
1607 3531 1685 3583 tam-

326 3647 413 3708 quam
447 3628 476 3688 in
511 3629 618 3709 populo
651 3628 807 3690 notissimo
840 3626 1082 3689 determinatione
1115 3627 1211 3708 aliqua
1240 3647 1314 3709 opus
1343 3634 1421 3688 esset
1449 3627 1493 3687 vel
1521 3625 1557 3687 ab
1584 3643 1685 3687 errore

325 3733 497 3794 cavendum.
553 3732 609 3793 Sed
641 3731 688 3794 ubi
719 3731 823 3792 scribis
851 3716 1017 3810 Siaebisqne,
1052 3731 1116 3792 vide
1142 3750 1180 3792 ne
1208 3733 1238 3793 in
1273 3729 1459 3792 difficultates
1486 3728 1596 3790 incidas
1624 3747 1685 3790 uon

328 3837 423 3898 solum
447 3835 607 3915 graviorem
630 3835 681 3896 sed
704 3835 789 3916 plane
812 3833 1033 3914 insuperabiles.
1071 3835 1114 3895 Ad
1137 3834 1213 3914 regis
1235 3851 1344 3895 nomen
1367 3833 1446 3913 quod
1469 3833 1582 3906 attinet,
1605 3833 1687 3930 quqd

326 3947 441 4001 constet
467 3937 571 4000 litteris
594 3937 705 4000 Latinis
728 3957 752 3998 c.
768 3955 832 4010 mn,
861 3937 978 3999 Graecis
1000 3957 1025 3998 a.
1042 3956 1085 4008 rx,
1115 3938 1197 4000 finiat
1223 3937 1253 3998 in
1280 3957 1345 4012 rus,
1375 3935 1610 3998 Muellenboll'rus
1632 3935 1687 3997 ad-

328 4041 443 4103 monuit
481 4040 537 4102 loci
570 4040 661 4103 Taciti
696 4041 794 4102 Germ.
826 4038 882 4100 42;
926 4041 1117 4102 Marcomanis
1153 4041 1315 4122 Quadimm
1352 4059 1441 4121 usque
1478 4039 1517 4102 ad
1556 4047 1687 4101 ironeam

326 4149 491 4207 memoriam
514 4163 592 4224 repes
613 4155 781 4206 maaserrmt
802 4163 840 4206 οο
859 4154 940 4223 pente
962 4149 1097 4224 ipsorum,
1121 4145 1215 4206 nobile
1238 4144 1408 4206 Marobodui
1427 4155 1454 4205 et
1477 4142 1568 4206 Tudri
1585 4162 1686 4224 pensas.

328 4249 384 4310 Sed
412 4247 565 4310 admonuit
590 4247 660 4310 item
690 4248 821 4309 Tudrum
852 4248 931 4309 bunc
959 4247 1094 4320 Quadum
1125 4247 1216 4309 luisse
1243 4266 1338 4328 neque
1366 4247 1443 4328 apud
1472 4256 1604 4309 vetustos
1631 4266 1688 4309 au-

327 4360 422 4412 ctores
443 4351 643 4413 Marcomanos
662 4351 837 4430 Quadosque
860 4351 1009 4413 conlundi.
1046 4351 1106 4414 Nec
1128 4371 1270 4414 numerus
1293 4351 1456 4414 litterarum
1480 4351 1505 4413 is
1528 4361 1574 4413 est
1595 4370 1686 4431 quem

327 4453 399 4534 lapis
422 4455 554 4535 requirit.

429 4630 451 4692 ¹)
468 4629 562 4680 Nomen
587 4631 753 4697 perscriptum
779 4629 870 4680 nummi
893 4646 942 4679 ιοο
961 4630 1138 4696 suppeditaut3
1159 4643 1214 4680 nam
1232 4640 1392 4695 Tthotd,
1410 4629 1475 4694 quod
1494 4628 1520 4679 in
1539 4627 1689 4694 quibusdam

328 4711 475 4775 invenitur,
497 4713 527 4761 ad
554 4714 703 4764 vocabulum
722 4715 872 4779 explendum
892 4713 936 4763 rix
954 4721 1024 4763 reete
1042 4712 1188 4772 adhibetur,
1212 4727 1267 4760 cum
1285 4711 1366 4774 magis
1384 4711 1420 4761 ait
1438 4707 1534 4760 Tin...
1555 4709 1687 4760 Corin...

328 4798 375 4848 tilii
398 4797 522 4848 uocabulo
548 4801 655 4864 omisso,
680 4809 706 4851 et
724 4802 822 4852 incerta
844 4801 974 4850 admodum
994 4800 1141 4850 coniectura
1160 4797 1287 4846 Evsnsius
1305 4797 1335 4848 ad
1354 4797 1458 4847 eundem
1477 4811 1561 4858 regem
1581 4795 1690 4846 rettulit

328 4899 451 4935 crimmum
471 4885 621 4952 inscriptum
634 4923 640 4936 .
654 4921 659 4936 .
674 4923 683 4936 .
696 4925 701 4937 .
714 4890 817 4951 mmios‚
836 4901 923 4938 nomeu
943 4903 975 4938 ex
994 4893 1100 4951 atraque
1118 4882 1230 4934 lectiam
1248 4881 1361 4934 efficians
1382 4879 1563 4932 Tineammiur.
