3798 5584
350 465 413 530 100
963 461 997 528 V,
1016 463 1085 517 6-8

347 644 441 707 boae
462 663 530 705 cern
546 643 685 704 Perretus
706 640 832 703 dedisset
853 649 940 716 recte,
960 644 1012 704 sed
1030 643 1198 724 imperfecte
1214 647 1264 723 poi
1279 687 1285 702 .
1299 688 1306 703 .
1320 688 1346 703 ..
1363 647 1463 716 verriu,
1488 663 1540 724 ege
1556 645 1694 726 deceptus

347 746 607 808 Merdtmannianis
630 749 680 826 qni
698 745 908 807 e....eode·m
927 748 1015 810 eerbe
1037 747 1202 827 supplerem
1226 751 1276 827 pei
1295 757 1354 808 tera
1368 751 1537 811 iereeereet
1552 755 1582 810 in
1598 752 1694 812 eedem

345 851 441 924 uerbo,
463 848 604 929 Bergkius
627 853 677 929 pei
696 858 755 910 tem
769 853 799 910 in
813 869 877 911 enee
890 850 977 912 verde
990 855 1175 924 ioreeerent3
1197 849 1259 930 ipsa
1281 850 1422 931 principis
1439 851 1525 913 verba
1542 853 1627 915 lectio
1642 873 1694 914 er-

345 954 421 1035 pleta
444 953 562 1015 demum
584 954 730 1032 suggessit
744 953 886 1014 sententia
903 972 962 1014 nen
978 963 1098 1015 mutata.
1113 953 1306 1015 -Extrema
1322 954 1466 1016 sententia
1482 963 1541 1017 tota
1557 975 1695 1036 pessum-

346 1057 410 1119 data
433 1057 501 1120 elim
525 1056 620 1119 Lucae
643 1074 741 1117 errore
764 1055 919 1118 scribentis
941 1077 967 1117 v.
985 1059 1003 1118 7
1026 1058 1187 1121 censada'bes
1209 1076 1262 1138 pro
1284 1057 1420 1132 corceles,
1442 1058 1571 1139 intellegi
1593 1070 1694 1141 coepta

344 1170 390 1224 est
416 1163 528 1243 prolate
556 1162 689 1242 exemplo
710 1160 896 1234 Perrotiano,
930 1161 980 1222 sed
1007 1180 1087 1222 nunc
1115 1161 1234 1222 demum
1262 1160 1348 1223 lectio
1374 1161 1413 1223 ita
1441 1171 1564 1243 purgata
1593 1173 1638 1226 est
1666 1174 1695 1226 et

344 1265 472 1346 expleta,
499 1276 532 1328 ut
557 1266 593 1327 ad
618 1284 680 1326 rem
710 1272 788 1326 certe
820 1283 894 1344 quae
924 1264 1094 1344 perveniant
1119 1264 1315 1326 dubitationes
1341 1284 1444 1328 omnes
1470 1265 1599 1329 sublatae
1625 1267 1693 1330 sint

344 1368 446 1430 Latina
475 1387 528 1448 ege
556 1378 641 1431 antea
668 1369 710 1431 sic
739 1369 963 1430 constitueram:
993 1373 1023 1429 io
1052 1367 1098 1442 dis
1123 1369 1247 1430 beminen
1274 1373 1324 1450 pei
1346 1369 1454 1449 peslteo
1476 1371 1604 1433 eonsules
1624 1373 1698 1453 fecti

342 1481 410 1533 sent
432 1472 469 1534 od
490 1490 553 1534 eum
574 1473 715 1554 diemque
736 1476 841 1552 serapte
861 1471 939 1546 seint
960 1472 1028 1533 baec
1049 1517 1201 1544 ........
1226 1476 1277 1553 pei
1292 1473 1460 1552 praetores]‚
1484 1478 1594 1537 circiter
1610 1494 1693 1548 ccxx,

344 1573 484 1654 Rerglrius
499 1584 611 1638 autem:
634 1581 665 1639 io
685 1577 732 1654 dis
753 1574 917 1639 consideres
940 1619 1008 1648 ...‚
1027 1575 1137 1656 pesltce
1159 1576 1285 1637 remobe
1304 1577 1380 1656 [orti
1395 1589 1471 1651 sent,
1494 1577 1604 1658 reliqua
1623 1579 1695 1641 reti·

342 1696 426 1740 nens.
462 1677 499 1740 tte
520 1679 646 1742 bendere
667 1679 785 1760 quidem
807 1678 981 1742 vocabulum
1004 1686 1038 1739 ut
1060 1677 1201 1757 llergltius
1224 1689 1302 1740 recte
1325 1679 1439 1755 reiecit,
1469 1681 1509 1743 ita
1530 1683 1611 1761 qued
1633 1683 1694 1762 ipse

342 1770 422 1843 dedit
443 1801 548 1863 parum
563 1783 699 1846 Latinum
723 1792 784 1858 est3
806 1801 875 1844 nam
897 1792 948 1845 aut
970 1792 1035 1844 sent
1058 1782 1253 1844 omittendum
1276 1783 1332 1844 suit
1346 1793 1397 1846 aut
1411 1784 1577 1847 addendum
1593 1786 1695 1848 relati-

342 1904 428 1959 vum,
455 1887 534 1965 quod
565 1896 662 1949 tanmn
690 1887 783 1967 spatio
810 1887 983 1948 excluditur.
1027 1885 1087 1946 lam
1115 1904 1182 1947 cum
1212 1904 1270 1946 xrn
1295 1888 1356 1948 fere
1378 1887 1491 1949 litterae
1518 1887 1596 1950 inter
1619 1893 1645 1950 il
1666 1897 1695 1950 et

341 2009 408 2051 rea
438 1989 586 2064 deficiant,
613 2010 672 2052 non
701 1991 775 2052 duos
802 2009 941 2053 numeros
968 1989 1083 2051 videtur
1109 1990 1258 2069 Augustus
1285 1991 1417 2071 posuisse
1444 1992 1643 2054 consularium
1665 2001 1695 2054 et

341 2101 441 2173 postea
473 2094 626 2155 consulem
660 2097 820 2168 laetorum,
853 2094 904 2156 sed
934 2112 1027 2154 unum
1061 2102 1220 2172 utrumque
1255 2113 1346 2173 genus
1379 2095 1693 2176 comprehendentem:

340 2195 501 2278 eodemque
523 2197 660 2260 videntur
682 2198 788 2259 ducere
815 2197 953 2277 reliquiae
975 2195 1224 2278 interpretationis
1245 2197 1370 2258 Graecae
1392 2198 1496 2272 exiles,
1519 2199 1571 2260 sed
1595 2208 1693 2261 umen

340 2300 380 2363 ita
408 2311 605 2383 comparatae,
631 2310 665 2363 ut
687 2303 760 2364 duos
789 2320 929 2363 numeros
957 2300 1003 2361 vir
1033 2300 1075 2362 eis
1101 2300 1223 2362 inseras.
1247 2335 1287 2344 -—
1312 2300 1422 2362 Deinde
1443 2301 1474 2362 in
1498 2301 1609 2364 Latinis
1631 2302 1693 2365 ne

339 2404 418 2467 inter
444 2405 522 2481 solor
550 2404 627 2480 boec]
651 2414 681 2466 et
704 2406 879 2483 [secerdoltes
901 2424 968 2467 curn
992 2404 1126 2466 deficiant
1149 2403 1260 2466 litterae
1282 2423 1307 2465 c.
1331 2424 1379 2478 vn,
1402 2406 1431 2466 in
1455 2404 1572 2466 Graecis
1594 2415 1691 2468 aetem

339 2527 365 2570 r.
382 2507 423 2569 24
444 2508 563 2589 vestigia
585 2509 705 2571 evanida
726 2509 838 2571 intente
860 2508 1035 2571 rimantibus
1058 2509 1143 2572 nobis
1166 2509 1237 2570 haec
1258 2511 1318 2569 lere
1341 2507 1543 2590 apparuerint:

833 2612 902 2693 (titt.
919 2611 973 2692 22)
997 2609 1200 2680 tcr'lliinrn

338 2714 374 2777 iis
389 2717 589 2798 supplementa
611 2737 730 2778 rrrxnr
749 2725 779 2778 et
799 2707 1000 2798 ὀγδοήκοντα
1024 2717 1083 2778 sola
1105 2725 1183 2777 recte
1205 2714 1393 2796 respondent
1430 2714 1503 2776 Nam
1526 2714 1574 2777 bis
1588 2715 1691 2796 positis

337 2838 397 2882 non
414 2821 508 2883 solum
526 2820 618 2900 spatia
633 2819 672 2882 ita
687 2820 850 2900 explentur,
874 2829 908 2881 ut
921 2820 1035 2881 litterae
1050 2837 1145 2898 neque
1161 2808 1310 2880 abundent
1324 2838 1420 2898 neque
1436 2819 1572 2881 deficiant
1587 2819 1692 2900 (inter.

338 2923 473 2985 ciderunt
495 2923 583 2998 enim,
607 2932 641 2985 ut
662 2922 730 2998 dixi,
753 2923 783 2984 in
806 2923 916 2984 Latinis
938 2921 1000 2983 v.8
1024 2922 1167 2984 elementa
1189 2940 1257 2995 nvn,
1278 2921 1309 2983 in
1333 2921 1450 2983 Graecis
1471 2942 1499 2983 r.
1516 2922 1557 2983 24
1579 2924 1692 3004 aprin-

338 3026 413 3106 cipie
435 3046 460 3088 c.
476 3045 550 3100 xxrr,
572 3026 683 3089 scilicet
705 3026 799 3106 spatie
821 3034 989 3106 computato
1011 3025 1046 3086 ad
1068 3044 1094 3085 r.
1112 3023 1162 3098 23,
1185 3043 1253 3086 cum
1276 3034 1482 3107 computantes
1504 3025 1541 3086 ad
1555 3045 1582 3086 r.
1601 3026 1641 3088 20
1657 3026 1692 3088 ad

337 3149 403 3190 rrrv
425 3130 576 3204 ducamur,
598 3140 632 3194 ut
654 3131 817 3193 luculenter
838 3129 908 3191 binc
930 3137 1067 3210 appareat
1089 3129 1251 3210 scripturae
1272 3128 1517 3209 inaequabiliter),
1540 3129 1590 3191 sed
1614 3131 1692 3209 quod

338 3233 498 3296 marimum
532 3244 590 3308 est,
626 3235 703 3296 inter
732 3231 892 3296 numeralia
924 3251 998 3312 quae
1025 3233 1055 3293 in
1082 3253 1181 3295 κοντα
1210 3233 1315 3294 liniunt
1336 3252 1429 3295 unum
1457 3233 1536 3312 quod
1563 3232 1690 3294 litteram

336 3338 493 3399 retundam
516 3337 621 3400 babeat
643 3357 693 3399 sex
716 3337 821 3399 litteris
845 3345 1007 3416 separatam
1030 3356 1046 3397 a
1069 3336 1198 3397 clausula
1222 3357 1290 3408 ντα,
1313 3334 1343 3396 id
1365 3344 1411 3397 est
1432 3336 1511 3414 quod
1526 3335 1689 3416 posuimus.

437 3442 595 3504 Senatores
618 3460 705 3522 supra
728 3440 928 3521 septingentos
950 3458 1017 3501 cum
1041 3439 1176 3521 princeps
1198 3437 1306 3500 scribat
1328 3457 1352 3500 a.
1370 3437 1430 3499 722
1452 3439 1507 3500 sub
1523 3439 1586 3500 suis
1601 3439 1691 3519 signis

337 3541 515 3618 militarisse‚
537 3544 670 3626 pervenit
691 3543 719 3605 id
742 3544 778 3605 ad
801 3563 851 3605 eos
873 3543 980 3624 quiec
1003 3554 1134 3624 tempere
1158 3551 1308 3604 senatores
1326 3552 1433 3616 essent,
1457 3562 1552 3623 neque
1574 3542 1606 3604 in
1629 3543 1690 3624 ipse

335 3663 367 3706 re
390 3644 533 3708 dubitatio
548 3645 660 3720 obstat3
683 3665 751 3709 nam
773 3655 858 3709 erant
879 3665 913 3708 ee
936 3655 1068 3727 tempore
1091 3652 1240 3707 senatores
1257 3663 1345 3727 supra
1360 3645 1439 3706 mille
1456 3654 1529 3708 teste
1545 3647 1689 3710 Suetonio

334 3748 407 3828 Aug.
424 3748 474 3811 35.
507 3749 736 3812 Praetereunter
756 3751 796 3813 ita
821 3759 880 3813 tam
901 3750 979 3812 inter
1002 3760 1151 3812 senatores
1173 3768 1261 3829 quam
1286 3749 1364 3810 inter
1385 3748 1554 3810 consulares
1570 3749 1689 3812 iuvenes

334 3851 354 3913 ii
386 3852 436 3932 qui
470 3863 602 3935 tempere
634 3841 702 3916 belli
726 3853 836 3917 Actiaci
871 3853 999 3935 equestri
1032 3852 1096 3915 lece
1132 3853 1284 3916 constituti
1318 3861 1419 3933 postea
1452 3852 1544 3914 latum
1574 3855 1688 3916 clarem

334 3966 524 4037 sumpserunt
551 3961 678 4020 lascesve
708 3959 805 4040 adepti
833 3967 911 4021 sunt.
954 3956 991 4044 At
1020 3957 1127 4020 horum
1157 3978 1225 4021 cum
1254 3975 1308 4038 par
1335 3975 1422 4018 caesa
1452 3956 1499 4030 sit,
1516 3959 1609 4037 magis
1625 3975 1690 4020 cre-

332 4059 455 4122 diderim
476 4060 643 4141 Augustum
670 4061 768 4142 paullo
794 4061 994 4140 indiligentius
1023 4061 1156 4124 locutum
1185 4080 1249 4124 esse
1277 4079 1364 4141 quam
1394 4060 1424 4122 in
1450 4059 1533 4122 fastis
1555 4060 1689 4123 Actiacos

332 4181 403 4226 sues
426 4164 659 4227 dinumerantem
683 4165 736 4228 bos
758 4164 952 4246 praeteriisse.

432 4268 510 4341 Quot
537 4268 706 4330 consulares
733 4270 789 4331 sub
815 4268 906 4349 signis
935 4269 997 4331 suis
1025 4269 1061 4331 ad
1083 4270 1197 4332 betium
1227 4269 1385 4331 militantes
1407 4268 1558 4347 Augustus
1581 4285 1688 4329 nume-

331 4371 438 4433 raverit
459 4381 493 4434 nt
514 4392 549 4434 ex
572 4373 668 4435 indice
691 4373 753 4435 sole
776 4373 973 4454 cognescitur,
997 4377 1036 4437 ita
1058 4393 1094 4435 ex
1116 4393 1215 4436 rerum
1233 4371 1374 4435 memoria
1390 4368 1574 4450 aliquatenus
1590 4371 1688 4432 deter-

332 4473 437 4536 minari
464 4485 575 4557 potest,
609 4485 683 4557 quot
716 4478 883 4540 consuleres
916 4497 951 4539 eo
978 4486 1108 4559 tempere
1141 4478 1171 4540 in
1201 4477 1273 4541 rivis
1305 4475 1415 4538 suerint
1444 4473 1489 4535 rel
1517 4482 1597 4536 certe
1624 4491 1687 4534 esse

330 4577 479 4656 potuerint
506 4599 600 4660 neque
628 4580 711 4661 signa
733 4581 898 4643 Antoniana
930 4582 1023 4644 secuti
1045 4581 1114 4643 sint.
1160 4581 1197 4643 Et
1219 4579 1418 4642 consularium
1441 4577 1560 4658 quidem
1583 4593 1685 4638 eorum

329 4699 404 4759 ques
431 4682 498 4743 fasti
525 4693 677 4747 recensent
699 4684 736 4746 ab
758 4703 783 4746 a.
800 4685 859 4748 681
884 4687 920 4749 ad
942 4707 968 4748 a.
986 4685 1046 4746 700
1068 4685 1225 4766 pleresque
1247 4692 1361 4746 certum
1390 4684 1436 4745 vel
1457 4701 1549 4764 paene
1572 4691 1684 4745 certum

328 4793 374 4846 est
395 4784 546 4848 defunctos
569 4806 632 4850 esse
654 4796 723 4850 ante
745 4807 770 4850 a.
788 4789 866 4864 712;
889 4789 1114 4869 supervixerunt
1135 4788 1163 4849 ei
1178 4788 1223 4849 rel
1244 4796 1323 4850 certe
1345 4796 1413 4869 post
1428 4806 1497 4850 eum
1513 4785 1683 4866 superstites

328 4905 392 4949 esse
419 4897 579 4970 potuerunt
600 4891 652 4953 Cn.
668 4891 802 4954 Aufidius
825 4892 944 4956 Orestes
967 4911 1024 4955 ees.
1040 4911 1065 4954 a.
1081 4890 1157 4966 683,
1186 4892 1233 4953 Μ’.
1256 4891 1397 4954 Aemilius
1420 4890 1548 4972 Lepidus
1570 4911 1596 4953 a.
1612 4887 1682 4962 688,
