3796 5588
323 463 405 518 XXII

367 665 393 706 ro
421 643 483 705 sine
520 642 577 704 ulla
613 640 803 723 inscriptione
839 641 970 702 nominis
1006 639 1064 703 mei
1100 639 1181 701 riuos
1214 657 1357 720 aquarum
1394 639 1595 721 compluribus
1627 639 1699 702 locis

419 753 566 809 uetustate
611 745 741 808 labentes
783 743 871 807 reieci
908 754 938 807 et
973 763 1079 824 aquam
1118 761 1193 823 quae
1230 742 1320 804 maria
1357 742 1518 823 appellatur
1554 742 1699 824 duplicaui

419 852 499 910 tonte
549 865 628 909 nouo
678 848 709 910 in
756 847 855 910 riuum
899 847 963 910 eius
1013 845 1147 909 immisso
1190 849 1286 908 lorum
1332 845 1435 908 iulium
1479 856 1508 907 et
1551 846 1697 908 basilicam

419 971 493 1032 quae
529 950 586 1013 luit
621 951 699 1013 inter
741 952 843 1014 aedem
880 950 1002 1013 castoris
1038 960 1068 1012 et
1104 951 1205 1012 aedem
1249 949 1362 1012 saturni
1406 958 1506 1030 caepta
1548 949 1699 1030 profligata

418 1075 475 1135 que
508 1073 595 1136 opera
629 1074 645 1117 a
678 1063 760 1135 patre
793 1073 859 1117 meo
892 1053 998 1135 perfeci
1032 1063 1062 1115 et
1094 1054 1216 1115 eandem
1251 1052 1398 1114 basilicam
1433 1061 1634 1114 consumatam
1668 1053 1699 1115 in

365 1179 391 1222 ta
419 1205 425 1219 .
450 1205 488 1219 ..
528 1158 665 1238 ampliato
704 1158 767 1220 eius
805 1157 867 1219 solo
907 1156 963 1218 sub
999 1155 1083 1219 titulo
1263 1155 1391 1218 nominis
1429 1155 1556 1219 liliorum
1596 1203 1697 1230 ..‚.

421 1307 585 1322 ......
620 1261 707 1323 uiuus
740 1279 800 1322 non
834 1259 1022 1340 perfecissem
1052 1260 1204 1340 perleci¹⁶l
1239 1261 1276 1321 ab
1308 1258 1482 1321 haeredibus
1490 1258 1529 1340 ²⁶)
1692 1307 1699 1321 .

420 1410 648 1426 ........
683 1363 797 1444 uirgine
830 1361 1045 1444 exemplum²²)
1078 1363 1166 1424 deum
1203 1361 1234 1422 in
1269 1361 1340 1424 urbe
1376 1381 1467 1424 consu

420 1513 647 1529 ........
670 1465 726 1528 leci
747 1465 839 1528 lluuio
866 1467 1074 1547 praetermisso
1104 1466 1182 1545 quod
1211 1474 1322 1546 temp.
1347 1511 1385 1527 ..
1410 1512 1479 1528 ...
1504 1513 1510 1526 .
1536 1513 1699 1529 ......

420 1820 1028 1839 ....................
1052 1775 1155 1837 ultoris
1178 1776 1321 1856 templum
1341 1795 1528 1857 quorumque
1542 1789 1699 1858 augustum

421 1890 452 1943 et
483 1880 626 1962 templum
653 1878 788 1959 apollinis
815 1877 846 1939 in
868 1877 930 1939 solo
957 1896 1092 1957 magnam
1115 1887 1227 1958 partem
1253 1925 1699 1942 ...............

418 1993 518 2065 empto
541 1983 596 2045 leci
618 1983 697 2063 quod
728 2001 782 2043 suo
804 1981 924 2043 nomine
947 2000 986 2042 m.
1010 1982 1137 2044 marcelli
1159 1985 1261 2044 ueneri
1284 2029 1699 2046 ..............

419 2087 555 2150 manibus
582 2087 613 2148 in
640 2084 774 2166 capitolio
802 2091 832 2146 et
860 2083 890 2145 in
921 2085 991 2146 aede
1019 2084 1079 2146 diui
1108 2084 1171 2146 iulii
1199 2093 1228 2146 et
1255 2086 1285 2146 in
1316 2085 1385 2146 aede
1408 2085 1542 2166 apollinis
1564 2087 1645 2149 etin
1668 2107 1701 2150 ae

365 2210 392 2255 ns
421 2191 458 2252 de
494 2199 576 2252 ueste
613 2199 643 2252 et
678 2189 709 2250 in
746 2189 855 2270 templo
893 2188 994 2250 martis
1031 2189 1152 2250 uictoris
1188 2189 1358 2251 consecrari
1393 2208 1467 2268 quae
1501 2189 1573 2251 mibi
1606 2191 1701 2253 consti

419 2293 566 2375 terunt¹⁸)
618 2293 732 2356 circiter
787 2292 913 2355 millenis
968 2292 1032 2355 auri
1084 2293 1218 2355 coronari
1228 2292 1268 2372 ’⁹)
1316 2293 1414 2373 pondo
1463 2291 1580 2373 triginta
1628 2293 1700 2373 quin

418 2417 475 2479 que
501 2396 626 2459 millium
654 2394 821 2476 municipiis
854 2404 884 2456 et
909 2395 1031 2458 coloniis
1041 2394 1080 2474 ³⁰)
1107 2395 1202 2458 italiae
1229 2395 1448 2457 conterentibus
1473 2415 1507 2458 ac
1534 2396 1701 2479 triumphos

419 2521 501 2565 meos
531 2501 666 2582 quintum
697 2499 800 2561 consid
822 2498 922 2560 remisi
945 2507 975 2561 et
996 2507 1096 2581 postea
1118 2499 1373 2579 quotienscunque
1395 2500 1555 2581 imperator
1578 2519 1605 2562 m
1630 2547 1637 2562 .
1662 2547 1669 2562 .
1693 2534 1701 2549 ·

421 2649 712 2666 ..........
742 2602 805 2664 auri
843 2602 1029 2665 coronarium
1060 2621 1120 2665 non
1150 2603 1246 2685 accepi
1277 2603 1503 2666 decernentibus
1532 2603 1701 2686 municipiis

366 2727 393 2771 eo
420 2751 1246 2769 ...........................
1270 2725 1343 2785 quae
1370 2705 1485 2785 auten)
1512 2707 1699 2770 deereueram

369 2831 396 2877 os
423 2854 1406 2874 ................................
1430 2819 1548 2892 tempus
1563 2811 1699 2874 delunota

365 2937 392 2980 ro
418 2935 484 2978 rum
507 2913 760 2988 aliricanarum⁸²)
785 2931 850 2975 meo
873 2912 992 2975 nomine
1013 2921 1065 2974 aut
1085 2912 1212 2975 filiorum
1235 2930 1369 2974 meorum
1393 2922 1423 2976 et
1445 2925 1587 2995 nepotum
1609 2915 1638 2977 in
1659 2914 1702 2976 cir

419 3040 454 3082 oo
483 3065 583 3081 ....
611 3027 662 3081 aut
694 3019 724 3079 in
752 3016 860 3098 loro³⁸)
887 3027 939 3080 aut
969 3017 1000 3078 in
1029 3017 1252 3098 amphitheatris
1280 3018 1369 3098 popul
1398 3063 1561 3079 ......
1592 3018 1700 3098 quibus

417 3126 548 3185 conlecta
607 3130 677 3182 sunt
735 3120 894 3182 bestiarum
954 3120 1070 3183 circiter
1127 3121 1217 3184 trium
1276 3121 1401 3184 millium
1457 3132 1487 3185 et
1543 3122 1701 3204 quingenta

419 3226 532 3288 naualis
568 3225 668 3304 praelii
713 3225 911 3305 spectaculum
953 3227 1043 3308 popul
1080 3271 1275 3286 .......
1313 3226 1438 3287 liberum
1476 3225 1506 3286 in
1543 3245 1602 3305 quo
1637 3226 1701 3288 loco

419 3347 499 3390 nunc
534 3347 640 3390 nemus
677 3338 723 3391 est
758 3346 909 3390 caesarum
947 3339 1050 3390 cauato
1078 3374 1369 3390 ..........
1402 3329 1583 3408 longitudine
1619 3329 1699 3392 mille

367 3453 393 3496 re
422 3440 451 3494 et
504 3431 688 3510 octingentos
741 3430 829 3512 pedes
878 3432 908 3491 in
963 3431 1116 3494 latitudine
1166 3432 1255 3512 pedes
1306 3431 1425 3494 ducenti
1473 3431 1504 3492 in
1553 3451 1611 3512 quo
1661 3432 1699 3494 tri

419 3535 498 3614 ginta
535 3542 659 3596 nostrate
697 3553 786 3596 naues
823 3533 1015 3615 triremesque
1051 3535 1195 3616 plurimae
1219 3579 1697 3598 ................

420 3656 554 3699 rumores
581 3637 658 3699 inter
687 3655 718 3697 se
750 3635 944 3698 condixerunt
966 3683 1698 3700 ........................

420 3749 492 3803 runt
527 3748 643 3820 praeter
677 3739 802 3818 remiges
839 3739 928 3801 millia
966 3786 1161 3801 .......
1199 3741 1316 3804 circiter
1346 3788 1700 3804 ............

419 3844 450 3907 in
494 3843 610 3924 templis
646 3841 779 3904 omnium
822 3841 986 3904 ciuitatium
1028 3863 1047 3924 p
1086 3889 1281 3906 .......
1319 3855 1348 3908 et
1384 3845 1461 3908 asiae
1497 3847 1593 3909 uictor
1629 3865 1700 3908 orna

366 3968 393 4010 eo
422 3955 521 4010 menta
556 3945 674 4026 reposui
709 3964 784 4024 quae
820 3945 950 4026 spoliatis
987 3948 1104 4029 templis
1128 3994 1699 4012 ...................

422 4049 560 4131 priuatim
584 4047 755 4129 possederat
776 4056 888 4110 statuae
911 4095 1700 4116 ..........................

420 4151 611 4233 quadragenis
664 4150 810 4232 argenteis
865 4160 1011 4214 steterunt
1063 4153 1094 4214 in
1148 4152 1222 4215 urbe
1275 4172 1309 4216 ao
1357 4155 1473 4219 circiter
1519 4176 1591 4236 quas
1640 4157 1701 4237 ipse

421 4254 527 4318 sustuli
559 4274 594 4316 ex
627 4275 684 4335 qua
717 4255 753 4317 de
785 4255 909 4336 pecunia
943 4257 1019 4318 dona
1051 4275 1138 4319 aurea
1169 4257 1199 4320 iu
1234 4259 1336 4320 aedem
1364 4259 1498 4339 apollinis
1524 4279 1592 4322 meo
1620 4259 1701 4322 nomi

420 4379 457 4422 ne
506 4368 536 4422 et
583 4359 711 4422 liliorum
760 4379 835 4440 quae
889 4359 961 4421 mibi
1011 4369 1179 4424 statuerunt
1222 4363 1362 4424 honorem
1408 4362 1574 4425 babuerunt
1616 4363 1702 4445 posui

299 4561 511 4572 ——

398 4702 431 4768 ¹⁸)
449 4701 570 4770 perficio
638 4703 669 4765 ¹⁸)
689 4703 856 4754 beredibmo
932 4701 965 4768 2')
982 4703 1108 4768 templau
1175 4702 1208 4768 2⁸)
1224 4715 1263 4758 ns
1279 4705 1362 4754 ineu
1425 4705 1458 4770 ¹⁹)
1475 4705 1605 4756 coronarii
1623 4721 1702 4756 manu

299 4785 410 4838 secundo
428 4786 457 4838 V
533 4789 567 4851 ⁸⁰)
585 4787 716 4839 colonico
804 4788 836 4850 ⁸¹)
857 4795 962 4839 antean
1052 4787 1085 4854 θ’)
1102 4783 1305 4839 africanarumo
1396 4789 1428 4853 ⁸¹)
1446 4791 1472 4841 in
1490 4790 1561 4841 circo
1579 4790 1700 4841 enenicrc

299 4881 344 4924 aut
361 4873 386 4925 in
405 4872 494 4984 iopen
