3798 5584
837 315 877 384 Π,
895 317 982 372 0-11
1545 320 1588 386 39

276 519 321 562 on.
338 501 367 574 4,
384 518 408 561 rs
426 518 450 560 rs
480 493 653 582 [Δεύτερον
680 491 845 587 siluarum}
873 494 1016 576 ἒξ[ουσῖᾳ
1042 491 1143 579 μόνος
1175 499 1263 582 Γαΐῳ
1299 500 1497 582 neruosus
1524 497 1591 578 καὶ]

310 627 314 634 ·
383 621 407 665 re
423 623 449 664 rs
478 606 482 686 Ι
509 603 598 687 Γαίῳ
628 598 770 686 [Ἀσινίῳ
796 597 937 674 ὑπάτοις
963 599 1022 683 τὴν
1044 595 1265 686 άποτεῖμησιυ
1287 599 1416 681 ἔλαβον]
1434 599 1457 682 Ι·
1492 597 1528 666 ἐν
1551 593 1588 690 [ᾗ]

420 724 448 767 uu
475 700 705 789 άπ[οτειμήσει
745 701 960 788 ἐτειμήσοιντο
998 699 1188 786 ῬωμαίΗωυ
1223 698 1443 788 τετῙρακάσιαι
1481 706 1587 768 εἴκοσι

420 825 445 870 m
474 819 561 891 τρεῖς
583 807 744 893 μυριάδες
766 807 822 871 καὶ
844 803 1072 889 τ]ρι[σ]Ιχίλιοι.

232 913 315 986 Quae
346 921 414 974 aute
444 912 521 974 solus
542 912 720 994 interposuit
741 911 910 974 Husobltius
937 913 1024 974 rerba
1043 916 1156 992 primm
1177 920 1216 984 et,
1244 913 1274 974 in
1297 931 1426 975 errorem
1448 913 1587 975 inductus

230 1016 423 1080 Cbisbulliani
450 1015 577 1096 exempli
603 1017 705 1078 laeuus
727 1017 812 1089 salsa,
841 1035 874 1078 ea
896 1015 1074 1095 expulerunt
1095 1025 1125 1078 et
1146 1018 1278 1097 exempla
1301 1016 1420 1078 meliora
1441 1025 1471 1078 et
1492 1017 1587 1078 versio

236 1122 353 1184 Graeca.
391 1120 425 1182 ln
441 1119 559 1182 Graecis
582 1120 637 1182 sub
660 1122 748 1183 linem
765 1119 889 1200 Hergltio
910 1119 1030 1182 iubente
1052 1119 1149 1181 addidi
1172 1118 1241 1195 καὶ,
1265 1139 1443 1200 quamquam
1459 1120 1585 1200 spatium

232 1227 281 1288 vix
304 1225 422 1288 suffieit.
445 1261 486 1270 -
509 1223 637 1285 Censum
661 1224 741 1286 buno
762 1225 886 1285 alterum
909 1242 935 1284 a.
959 1223 1021 1285 746
1042 1243 1130 1285 nemo
1152 1233 1301 1305 praeterea
1324 1224 1431 1286 diserte
1453 1243 1587 1286 comme-

229 1338 336 1391 morat.
380 1328 528 1390 Numerus
555 1327 664 1389 ciuium
687 1347 721 1388 eo
744 1336 877 1408 tempore
899 1346 1055 1389 censorum
1079 1327 1134 1389 luit
1157 1328 1337 1403 4‚233,000‚
1365 1347 1491 1409 quocum
1515 1346 1586 1389 oon-

228 1433 353 1494 veniunt
379 1432 466 1494 etiam
496 1431 635 1512 reliquiae
656 1431 801 1493 versionis
823 1432 956 1506 Graecae,
984 1439 1174 1511 creveratque
1196 1432 1285 1512 igitur
1307 1431 1353 1494 his
1376 1431 1478 1512 viginti
1500 1432 1585 1495 anuis

227 1537 356 1618 populus
378 1547 498 1598 eentum
521 1544 551 1597 et
573 1534 757 1615 septuaginta
780 1535 897 1596 milibus
921 1533 1060 1615 capitum.

271 1838 335 1880 err.
353 1817 382 1894 2,
396 1837 436 1880 ει
469 1817 616 1896 [Tertiulm
644 1816 791 1879 consulari
819 1835 887 1878 oum
910 1816 1035 1897 imperio
1062 1817 1188 1878 lustrum
1208 1813 1213 1898 Ι
1234 1816 1351 1895 oonleg'a
1374 1816 1438 1878 Tib.
1455 1817 1585 1898 Cae[sore

415 1939 442 1983 1o
468 1921 529 2002 filio
550 1923 615 2001 feei]
631 1925 649 1996 ᾗ
665 1923 732 1983 Sex.
748 1921 888 2002 Pompeio
910 1929 940 1982 et
956 1921 1022 1982 Sex.
1038 1920 1179 2001 Appuleio
1194 1938 1254 1982 eos.
1275 1921 1279 2001 l
1298 1920 1364 1992 Quo
1380 1921 1471 1982 lustro
1487 1923 1585 2000 selmo

415 2043 439 2086 ιι
470 2035 536 2086 sunt
564 2029 669 2087 ciuium
696 2025 907 2103 Holm'andrum
937 2024 1065 2104 cupitum
1094 2023 1287 2102 quadragiens
1307 2024 1311 2106 Ι
1330 2031 1449 2086 eentum
1482 2025 1585 2103 mill[t'o

471 2139 497 2189 et
518 2139 660 2208 ποτιμουεο
683 2128 813 2205 trliginta
836 2138 866 2189 et
887 2137 1000 2209 septem
1022 2127 1121 2190 millia.
1138 2125 1180 2210 §l

262 2249 308 2293 un.
325 2233 354 2306 4,
368 2252 393 2296 m
408 2252 436 2296 ἐυ
473 2231 548 2309 [Hui
576 2233 688 2313 τρίτου
714 2223 859 2320 δπατιιιῇ
885 2229 1020 2310 ἐξουσίᾳ
1042 2228 1101 2303 τάς
1123 2223 1398 2312 άποτειμήῙΙσεΜς
1429 2227 1582 2310 ἔλα[βο]ν,

410 2356 438 2399 us
468 2331 570 2414 [ἔχοιμ’
584 2331 797 2417 [συνάρχοντα
824 2336 987 2414 Τιβέριον]
1008 2331 1013 2414 Ι
1038 2335 1191 2414 Καίσαρα
1211 2331 1270 2396 τὸυ
1291 2328 1365 2396 υἱόν
1384 2337 1459 2416 μο[υ
1475 2332 1582 2418 Σέξτῳ

386 2440 442 2512 5‚1
476 2440 644 2522 Πομπηίῳ
666 2435 731 2516 καὶ]
748 2435 761 2521 ΙΙ
777 2433 884 2522 Σέξτῳ
908 2432 1125 2519 Ἀππουληῖῳ
1156 2431 1313 2508 ὑπάτοις·
1346 2432 1381 2499 ἐν
1402 2428 1422 2524 ᾗ
1445 2431 1583 2499 άποτει-

398 2561 438 2603 2³
468 2538 566 2624 μήσει
586 2541 591 2622 Ι
610 2536 825 2623 ἐτειμήσαυτο
839 2535 1008 2622 Ῥωμαίων
1029 2535 1240 2622 τετρακόσιαι
1260 2535 1452 2621 ἐνενήκοντα
1471 2537 1476 2620 Ι
1494 2550 1581 2623 τρεῖς

467 2639 625 2729 μυριάδες
648 2642 703 2706 καὶ
726 2641 999 2722 ἑπτακισχτίλιοι.
1022 2649 1039 2718 §

196 2773 323 2836 'Latii
345 2794 412 2836 cum
436 2775 572 2837 deficiant
593 2776 707 2838 litterae
734 2795 794 2837 non
825 2776 891 2857 plus
919 2795 981 2846 rrrr,
1013 2775 1105 2837 delevi
1137 2792 1199 2836 meo
1231 2781 1299 2853 post
1324 2773 1394 2854 lilio.
1421 2809 1463 2818 —
1489 2773 1522 2835 t.
1540 2775 1579 2838 10

219 2879 307 2939 adest
334 2883 472 2959 cupitum,
505 2879 536 2940 in
566 2877 655 2941 simili
683 2879 748 2941 loco
777 2879 811 2955 2,
840 2881 860 2940 4
888 2884 980 2960 capitu
1005 2879 1142 2958 idemque
1174 2877 1232 2938 tuit
1260 2876 1295 2951 2,
1322 2879 1356 2950 7,
1390 2895 1458 2939 oum
1494 2877 1579 2957 plura

220 2979 366 3042 elementa
382 2981 510 3062 spatium
526 3001 586 3044 non
601 2981 737 3063 recipiat3
757 2984 902 3063 interpres
926 2985 1022 3063 primo
1036 2982 1100 3044 loeo
1114 2978 1260 3060 expressit
1274 2977 1426 3062 κεφαλαί,
1449 2981 1579 3043 seeundo

221 3085 367 3165 tertioque
400 3085 508 3148 omisit.
553 3086 726 3148 Genetivum
760 3086 808 3148 bio
840 3105 894 3167 pro
927 3085 1107 3147 nominativo
1140 3082 1329 3146 substituisse
1359 3082 1577 3162 quadratarium

218 3187 363 3266 Hergkius
385 3189 561 3270 suspicatur.

322 3291 417 3372 Supra
438 3310 467 3372 p.
484 3292 503 3352 2
524 3292 583 3354 iam
598 3292 724 3354 vidimus
740 3293 868 3354 lustrum
883 3291 1050 3371 Augustum
1067 3290 1186 3354 tertium
1202 3289 1367 3352 uendidisse
1386 3308 1411 3350 a.
1429 3289 1490 3350 707
1506 3307 1577 3350 oen-

220 3394 326 3456 tesimo
347 3399 407 3457 lere
435 3405 502 3459 ante
532 3396 646 3458 obitum
675 3395 736 3469 die,
765 3395 795 3457 id
822 3405 868 3456 est
898 3395 963 3456 Mai.
991 3396 1038 3455 11.
1088 3393 1264 3455 Universum
1292 3401 1390 3455 autem
1420 3392 1518 3454 locum
1547 3400 1577 3454 et

219 3497 348 3559 maxime
370 3517 529 3561 numerum
560 3508 638 3560 oerta
666 3499 779 3561 ratione
801 3497 926 3578 explevit
947 3498 1042 3560 versio
1065 3498 1182 3569 Graeca,
1205 3497 1235 3558 in
1251 3515 1309 3577 qua
1324 3513 1467 3558 numerus
1489 3495 1576 3575 plene

216 3610 350 3663 servatus
378 3611 423 3664 est
451 3602 628 3676 4937000.
672 3602 806 3664 Eundem
834 3599 922 3662 etiam
951 3601 1027 3682 apud
1050 3600 1209 3663 Eusebium
1234 3599 1374 3662 traditum
1397 3597 1572 3678 accepimus,

216 3703 269 3765 sed
291 3703 370 3782 gravi
398 3705 461 3768 labe
484 3705 641 3766 adlectum.
686 3703 781 3766 Habet
802 3702 880 3764 enim
905 3703 1011 3766 Suidas
1033 3723 1057 3766 s.
1073 3724 1099 3764 v.
1127 3699 1320 3780 Αὔγουστος
1342 3700 1404 3764 sine
1426 3699 1515 3762 dubio
1537 3719 1573 3761 ex

214 3807 356 3869 Eusebio:
384 3804 576 3886 Αὔγουστος
594 3810 726 3889 Καῖσαρ
748 3802 850 3877 δόξαν
872 3799 959 3890 αὐτῷ
982 3803 1110 3880 πάντας
1128 3803 1204 3879 τούς
1219 3799 1392 3888 οἰκήτορας
1404 3799 1573 3886 Ῥωμαίων

214 3909 300 3972 κατὰ
326 3903 512 3994 πρόσωπον
538 3905 681 3993 ἀριθμεῖ
768 3906 824 3970 καὶ
847 3903 1054 3991 εὑρίσκονται
1078 3906 1111 3972 οἳ
1133 3909 1192 3993 τήν
1210 3905 1380 3990 Ῥωμαίων
1407 3907 1573 3981 οἰκοῦντες

213 4012 260 4078 αι’
280 4011 439 4099 μυριάδες
464 4013 520 4076 καὶ
542 4012 645 4093 χίλιοι
670 4009 711 4085 ιζ
731 4009 857 4096 ἄνδρες,
881 4014 1032 4095 Synoellus
1054 4013 1326 4095 pessumdes:
1350 4007 1481 4085 δαδτδς
1495 4009 1570 4086 τούς

213 4113 387 4201 οἰκήτορας
405 4115 530 4201 Ῥώμης
553 4115 637 4179 κατά
659 4111 843 4200 πρόσωπον
866 4114 1060 4200 ἀριθμήσας
1081 4111 1174 4200 εὗρεν
1196 4115 1368 4190 οἰκοῦντας
1391 4111 1490 4198 αὐτὴν
1513 4111 1570 4178 άν-

212 4218 302 4303 δράυ
330 4219 493 4306 μυριάδας
524 4218 566 4299 ιγ’
592 4217 648 4282 καὶ
675 4215 753 4303 loll,
780 4220 938 4282 Armenius
960 4221 1002 4302 (p.
1027 4221 1086 4282 146
1110 4220 1269 4301 Seiroene):
1299 4220 1432 4283 Sebastos
1454 4238 1569 4282 censum

211 4325 312 4388 babuit
343 4345 407 4388 oum
440 4325 548 4388 Tiberio
570 4335 595 4388 et
616 4327 723 4386 inuenit
743 4325 952 4386 multitudinem
974 4325 1080 4388 Romae
1100 4325 1249 4404 myriadas
1275 4343 1339 4386 coeo
1365 4335 1401 4388 et.
1422 4345 1477 4386 mr
1502 4343 1568 4385 oen-

213 4439 275 4490 tum
301 4439 328 4490 et
358 4449 426 4490 σπι
448 4433 548 4510 sopito,
572 4428 768 4507 Hieronymus
792 4431 837 4508 (p.
862 4429 920 4488 147
942 4427 1101 4508 Schoenel:
1125 4429 1268 4508 dequestus
1289 4447 1353 4490 oum
1377 4427 1486 4492 Tiberio
1506 4427 1567 4508 filio

210 4550 265 4594 suo
288 4550 399 4594 censum
420 4531 528 4595 Romae
549 4536 660 4612 optione
681 4532 788 4592 inuenit
808 4530 955 4594 bominum
976 4535 1112 4613 uooupies
1134 4542 1179 4595 ter
1202 4542 1319 4595 centeno
1341 4542 1366 4595 et
1392 4553 1453 4594 err
1476 4532 1564 4593 milio

210 4633 336 4698 Videtur
362 4635 507 4699 Eusebius
538 4637 568 4700 id
595 4635 693 4717 ipsum
720 4632 854 4714 posuisse
881 4637 959 4716 quod
986 4655 1096 4718 ponere
1124 4634 1237 4698 debuit:
1265 4630 1423 4719 μυριάδες
1451 4655 1565 4713 τετρα-

210 4731 326 4801 κόσιαι
355 4734 547 4823 ἐνενήκοντα
573 4749 660 4822 τρεῖς
682 4736 738 4800 καὶ
761 4732 1008 4820 ἑπτακισχίλιοι
1017 4766 1029 4818 ,·
1056 4758 1130 4821 quae
1152 4737 1349 4821 Hieronymus
1370 4738 1444 4800 miro
1465 4755 1564 4799 errore
