3796 5588
1425 455 1560 512 XXXVII

301 639 338 701 11.
368 640 507 702 Graecam
537 637 809 720 interpretationem
839 647 899 702 tam
920 640 1120 720 Ancyranam,
1151 639 1187 700 ad
1213 647 1350 720 ectypum
1374 635 1486 699 seilicet
1507 655 1559 698 ex-

201 751 306 818 actam,
328 760 417 822 qrmm
440 741 673 824 apouoniensem
696 741 737 805 ita
759 742 891 824 apposui,
914 751 949 806 ut
969 741 1083 823 singule
1097 751 1242 822 maternus
1257 741 1320 804 beri
1335 748 1433 820 potest
1447 738 1558 800 Latinis

202 847 264 908 suis
291 846 512 928 responderent.
561 844 691 908 Eandem
722 865 787 910 esse
816 857 910 928 patet;
940 847 1010 927 quid
1037 847 1117 927 quod
1144 845 1175 907 in
1205 845 1373 926 capitem
1400 841 1559 923 incipiente

201 945 376 1008 vocabulum
404 941 486 1009 ναόν
518 944 662 1008 omissum
696 954 742 1008 est
769 945 801 1007 in
834 955 961 1026 utmque
993 946 1126 1027 exemplo
1156 949 1194 1022 (v.
1218 964 1246 1025 p.
1270 943 1334 1024 88).
1388 942 1429 1004 De
1462 941 1559 1003 indole

201 1049 275 1112 dixit
288 1047 436 1110 Kaibelius
454 1047 486 1108 in
507 1047 677 1128 praemissis
691 1047 780 1110 indici
797 1049 965 1110 verborum.
1002 1048 1097 1111 Etiam
1113 1067 1181 1129 pars
1196 1049 1304 1111 Graeca
1319 1047 1390 1110 satis
1405 1045 1559 1107 emendate

201 1154 310 1233 scripta
331 1159 390 1226 est,
425 1151 524 1213 miuus
554 1159 652 1213 tamen
675 1170 763 1232 quam
788 1151 904 1226 Latium
930 1152 970 1214 ita
997 1151 1169 1215 exciderunt
1195 1151 1256 1214 sire
1282 1150 1451 1232 interpretis
1474 1149 1559 1229 culpa

200 1255 262 1318 sire
283 1255 358 1317 iabri
374 1255 403 1329 9,
422 1253 460 1316 13
476 1256 547 1336 τρίς
561 1263 592 1316 et
608 1256 656 1328 15,
673 1254 692 1316 3
711 1249 877 1336 notesco,
900 1255 1007 1336 aliique
1022 1275 1137 1318 errores
1152 1254 1262 1336 passim
1285 1253 1558 1335 deprehunduntur.

199 1395 242 1406 —
264 1359 410 1422 vocabula
432 1359 625 1422 cumGraeca
647 1359 861 1422 consuetudine
878 1359 1098 1430 continuentur,
1120 1377 1175 1421 nos
1190 1377 1307 1439 quoque
1322 1359 1351 1420 id
1367 1357 1559 1430 retinuimus;

200 1466 327 1546 spatium
357 1463 448 1544 igitur
473 1481 599 1526 uacuum
630 1462 681 1524 ubi
708 1463 853 1538 cernitur,
880 1463 980 1544 ipsum
1003 1461 1100 1526 estin
1125 1481 1281 1524 marmore.
1305 1497 1345 1506 -
1367 1460 1451 1522 Varia
1473 1460 1559 1522 lectio

199 1568 271 1630 item
294 1565 460 1646 subscripta
486 1575 539 1642 est,
573 1584 670 1647 neque
693 1565 815 1630 omnino
836 1567 1014 1647 neglegenda
1037 1574 1109 1630 suut
1133 1585 1208 1646 quae
1235 1565 1283 1627 bic
1309 1565 1368 1627 illio
1389 1568 1560 1626 reseruntur

199 1672 342 1734 demente
365 1669 451 1732 nobis
471 1670 502 1731 in
525 1669 674 1750 gypsaeeis
697 1671 808 1753 eotypis
832 1689 893 1734 uon
908 1671 980 1745 visa,
1003 1671 1054 1733 sed
1069 1671 1159 1732 relata
1173 1689 1190 1732 a
1205 1669 1362 1750 prioribus,
1385 1667 1558 1750 praesertim

198 1775 331 1838 Perroto.
376 1773 645 1836 Domasaewskium
668 1774 747 1836 euim
765 1775 872 1837 Graeca
895 1776 966 1838 baec
988 1774 1052 1856 ipsa
1067 1773 1233 1836 examinare
1248 1791 1308 1835 non
1323 1773 1455 1854 potuisse
1470 1791 1559 1853 supra

199 1878 343 1954 diximum
365 1895 481 1940 summa
504 1887 602 1941 autem
625 1878 766 1958 religione
788 1877 893 1940 doctus
914 1878 1122 1958 Francogallus
1137 1877 1368 1958 repraesentavit
1389 1895 1464 1959 quae
1486 1877 1559 1939 vidit

199 1991 229 2044 et
250 1982 329 2062 quod
352 1980 529 2043 describenti
551 1981 756 2044 difficillimum
786 1991 832 2045 est
859 1990 894 2044 ut
914 2003 931 2044 a
953 1981 1130 2045 coniecturis
1159 1981 1304 2044 abstineat
1333 1981 1373 2044 ita
1403 1981 1557 2062 praestitit,

200 2096 233 2148 ut
265 2083 441 2166 quibusdam
474 2084 547 2148 locis
580 2084 645 2147 iure
678 2085 817 2166 ambigas,
851 2094 952 2148 utrum
982 2086 1123 2148 Perrotus
1156 2086 1296 2148 erraverit
1328 2103 1366 2147 an
1401 2103 1558 2166 gypsaceae

200 2188 314 2252 tabulae
337 2189 507 2268 imperfecte
528 2188 720 2270 archetypum
743 2189 877 2252 reddant.

298 2292 346 2354 111.
369 2293 541 2372 Sequuntur
568 2293 702 2374 exempla
731 2292 868 2355 Latinum
901 2301 931 2354 et
953 2293 1097 2355 Graecum
1123 2299 1268 2373 quantum
1296 2292 1359 2354 fieri
1385 2293 1483 2374 potuit
1504 2311 1558 2355 ex-

197 2396 284 2476 pieta,
307 2395 418 2458 adiecta
440 2395 541 2476 paucis
563 2397 635 2458 locis
658 2393 845 2457 adnotatione
867 2394 977 2458 critica.
1022 2396 1103 2469 Quae
1130 2397 1334 2478 supplementa
1363 2397 1475 2478 priores
1505 2416 1558 2459 er-

197 2499 400 2580 eogitaverunt
420 2519 553 2581 quaeque
576 2500 744 2562 coniectura
765 2508 972 2579 reposuerunt,
996 2517 1098 2562 eorum
1127 2500 1205 2562 haud
1228 2519 1320 2580 pauca
1342 2501 1400 2562 iam
1422 2500 1459 2562 ab
1482 2520 1557 2562 ocu-

195 2603 351 2666 latioribus
373 2603 604 2684 descriptoribus
626 2605 655 2666 in
679 2603 744 2684 ipso
759 2601 854 2684 lapide
869 2601 1051 2682 deprehensa
1066 2613 1145 2678 sunt,
1168 2604 1254 2684 louge
1274 2604 1357 2686 plura
1379 2611 1431 2666 aut
1453 2602 1558 2667 Latino

197 2708 331 2788 exemplo
353 2707 468 2788 expleto
490 2717 521 2770 et
541 2708 697 2770 emendato
720 2715 772 2768 aut
792 2707 948 2768 accedente
970 2706 1212 2788 interpretatione
1230 2708 1337 2770 Graeca
1359 2705 1464 2788 sporite
1486 2726 1559 2769 cou-

196 2810 346 2886 ciderunt3
369 2811 494 2892 denique
517 2829 550 2873 ea
573 2829 691 2891 quoque
713 2830 749 2872 ex
772 2810 842 2873 oiim
865 2811 999 2891 repertis,
1022 2829 1097 2892 quae
1119 2812 1155 2873 ad
1178 2811 1353 2874 sententiam
1370 2829 1437 2872 vera
1460 2821 1559 2874 essent

196 2916 242 2976 vel
262 2923 341 2976 certe
361 2914 531 2996 probabilia,
554 2913 585 2976 in
605 2913 733 2976 editione
748 2915 846 2995 priore
860 2932 914 2994 per
930 2913 1099 2976 universum
1116 2915 1359 2976 commentarium
1375 2915 1559 2976 retractanda

196 3027 280 3080 erant
301 3027 424 3099 propter
444 3017 579 3080 biatuum
602 3017 746 3080 ambitum
774 3037 791 3079 a
816 3017 940 3079 Perroto
969 3018 1088 3080 demum
1118 3026 1252 3080 accurate
1281 3019 1473 3098 exploratum.
1516 3018 1559 3080 Ex

197 3121 276 3184 bisce
298 3121 430 3203 priomm
454 3121 498 3182 vei
520 3121 648 3184 inventis
669 3122 715 3183 vel
736 3119 912 3183 commentis
928 3139 1002 3201 quae
1016 3121 1074 3182 iam
1090 3120 1204 3182 inutilia
1219 3125 1294 3183 facta
1317 3129 1387 3185 sunt
1408 3130 1438 3183 et
1453 3139 1558 3202 super-

196 3243 329 3300 vacanea,
351 3224 424 3286 item
445 3233 497 3287 aut
518 3224 603 3286 novis
625 3224 764 3286 subsidiis
787 3242 888 3288 eversa
910 3232 961 3286 aut
983 3223 1070 3287 etiam
1087 3243 1140 3287 sua
1155 3234 1259 3288 natura
1275 3242 1411 3305 perversa
1426 3226 1558 3306 plerum-

196 3347 253 3409 que
275 3327 393 3391 silentio
408 3327 568 3409 praeterire
584 3329 674 3391 malui
695 3347 785 3409 quem
801 3330 938 3403 refutare,
962 3347 1029 3391 cum
1051 3328 1224 3410 praesertim
1239 3329 1315 3391 iusta
1331 3347 1430 3411 pugna
1445 3347 1505 3390 uon
1520 3327 1559 3390 sit

196 3433 274 3495 inter
295 3430 408 3513 priores
430 3431 558 3494 editores
579 3431 745 3495 necessario
767 3432 937 3494 insistentes
959 3432 1100 3513 exemplis
1122 3450 1228 3513 parum
1251 3432 1415 3495 emendatis
1436 3440 1467 3494 et
1488 3449 1556 3494 eum

196 3537 247 3616 qui
279 3535 367 3598 hodie
392 3537 428 3598 ad
451 3536 538 3598 hasce
568 3536 683 3598 tabulas
705 3535 816 3598 accedit
839 3537 1001 3600 instructus
1023 3536 1156 3618 exemplo
1178 3539 1308 3617 perfecto
1330 3545 1360 3597 et
1381 3535 1558 3616 iuterpreta-

197 3639 276 3702 tione
304 3643 365 3702 iere
394 3639 515 3720 integra.
564 3639 605 3702 lia
634 3657 694 3702 uon
723 3640 819 3703 solum
845 3641 972 3722 explerit
999 3640 1148 3719 ingentem
1172 3641 1299 3714 hiatum,
1328 3638 1380 3718 qui
1403 3637 1559 3718 intercepit

196 3744 311 3807 tabulae
333 3742 446 3825 primae
467 3761 570 3806 versus
593 3743 719 3806 sedecim
742 3752 909 3824 postremos
931 3746 992 3806 iere
1014 3753 1102 3818 totos,
1125 3743 1176 3804 sed
1199 3742 1286 3804 etiam
1309 3741 1373 3803 aliis
1395 3741 1468 3804 locis
1490 3743 1558 3822 plu-

196 3847 279 3909 rimis
300 3846 333 3908 in
354 3855 439 3928 parte
453 3846 557 3910 Latina
578 3847 653 3909 male
676 3845 783 3909 habitis
806 3865 890 3928 opem
908 3848 984 3910 tulit.
1023 3846 1079 3908 Ubi
1094 3845 1241 3909 tamenin
1256 3845 1329 3906 locis
1344 3843 1558 3908 difficilioribus

197 3969 232 4012 ex
257 3949 406 4031 prioribus
433 3949 581 4031 quendam
609 3967 711 4012 rerum
738 3951 784 4012 vel
810 3951 918 4014 vidisse
947 3953 992 4013 vel
1013 3950 1200 4013 intercidisse
1221 3948 1492 4028 deprehendebam,
1518 3949 1558 4012 ibi

196 4073 304 4117 nomen
332 4054 396 4118 eius
423 4063 458 4117 ut
487 4073 540 4136 par
568 4064 631 4118 erat
652 4055 810 4136 adscripsi3
841 4065 943 4118 contra
965 4055 1052 4118 tacite
1075 4052 1171 4133 recepi
1194 4051 1398 4134 supplementa
1419 4052 1557 4132 vulgaria,

197 4159 226 4221 id
248 4167 294 4221 est
316 4177 446 4239 eaquae
468 4177 528 4220 non
551 4157 602 4240 qui
624 4167 714 4240 ponat
735 4159 898 4222 laudandus
920 4158 976 4233 sit,
1000 4157 1050 4220 sed
1073 4155 1331 4260 reprehpndendus
1354 4155 1405 4236 qui
1427 4174 1487 4218 non
1510 4155 1558 4216 in·
1630 4233 1638 4256 ι

197 4263 302 4325 veniat
332 4296 374 4308 -
403 4263 511 4325 Graeca
543 4281 576 4324 ea
598 4262 724 4324 maxime
746 4281 820 4342 quae
843 4262 992 4325 adinvenit
1012 4261 1154 4323 Pcrrotus
1177 4263 1258 4336 tuem
1281 4257 1313 4319 in
1334 4256 1558 4321 Hamiitonianis

196 4366 336 4429 Fremius
358 4365 417 4428 iam
439 4366 578 4446 pleraque
600 4374 679 4428 recte
709 4364 871 4445 ordinarat)
898 4365 1005 4446 prioris
1033 4381 1115 4426 meae
1138 4361 1273 4425 editionis
1296 4381 1383 4424 causa
1406 4361 1559 4425 constituit

197 4469 396 4532 liircbboffius
418 4469 530 4532 amicus
552 4477 583 4531 et
604 4468 726 4548 collega,
756 4467 841 4532 cuius
862 4478 943 4543 sunt,
966 4485 1169 4550 quaecumque
1191 4467 1222 4528 in
1244 4485 1278 4528 ea
1300 4467 1438 4547 leguntur
1459 4466 1557 4546 paullo

197 4572 289 4653 magis
315 4571 458 4653 exquisita
484 4581 515 4634 et
536 4580 655 4654 repertu
678 4571 849 4646 difficiliora,
878 4581 938 4634 mm
962 4591 1004 4646 ea,
1027 4570 1134 4651 quibus
1157 4589 1266 4634 nomeu
1289 4570 1352 4632 eius
1375 4569 1557 4650 adscriptum

197 4685 242 4737 est
262 4693 351 4757 quam
375 4674 427 4737 ubi
452 4693 513 4736 non
539 4683 585 4737 est
611 4677 801 4757 adscriptum.
824 4709 867 4720 -
888 4675 922 4737 iu
956 4675 1045 4738 altera
1067 4675 1122 4736 bac
1144 4673 1271 4736 editione
1293 4673 1420 4736 curanda
1442 4681 1558 4753 praeter

198 4778 355 4842 Ernestum
371 4778 521 4841 Rormaun
536 4789 566 4840 et
580 4778 749 4841 Udalricum
771 4779 1006 4853 aWiIamowita,
1029 4797 1155 4859 quorum
1180 4785 1304 4857 uterque
1325 4776 1361 4838 ad
1384 4775 1554 4837 uuiversum

198 4881 305 4946 librum
328 4901 389 4946 uon
410 4901 503 4964 pauca
526 4881 608 4946 utilia
631 4892 661 4945 et
682 4881 834 4963 ingeniosa
860 4882 1015 4962 suggessit,
1044 4890 1075 4944 et
1102 4881 1153 4962 qui
1185 4882 1216 4942 in
1247 4881 1283 4942 iis
1316 4897 1392 4960 quac
1424 4886 1557 4959 spectant
