3812 5580
361 441 423 507 126
952 440 987 508 V,
1005 442 1112 498 40-43

358 618 437 697 (bnt.
454 619 506 694 46)
532 619 564 681 in
593 619 689 682 reditu
712 619 871 682 Antonium
906 630 1054 683 serratum
1082 640 1147 684 esse
1173 621 1318 684 blonaesis
1350 622 1491 684 beneficio
1524 621 1647 702 gratiam
1682 623 1710 684 ei

358 721 520 783 referentis.
547 757 589 768 -
616 722 733 785 Diverse
756 723 924 786 Cbisbullus
951 723 1113 804 reliquique
1140 724 1315 805 interpretes
1342 724 1508 804 cogitarunt
1534 726 1569 787 de
1591 725 1710 787 duobus

357 825 533 887 exercitibus
555 826 675 888 Antonii
703 826 787 888 victis
809 847 834 888 6.
851 827 912 888 718
935 828 1059 889 alterurn
1088 829 1161 890 duce
1183 827 1278 909 Oppio
1301 827 1433 890 Statiano
1458 829 1560 909 legato,
1583 829 1710 890 alterum

358 928 421 1009 ipso
442 929 569 990 Antonio
592 932 641 1007 (61.
657 929 808 992 lirumann
826 932 853 1004 1,
870 932 954 998 454).
987 931 1036 992 ‘dt
1062 931 1179 1012 proprie
1202 930 1301 1011 copiae
1329 930 1436 1010 quibus
1459 930 1711 1011 4616666666-

357 1033 413 1092 iuit
434 1031 465 1091 in
488 1031 689 1094 1661166718
713 1051 772 1094 non
794 1043 864 1094 sunt
885 1035 943 1095 nisi
965 1034 1110 1096 exercitus
1138 1053 1217 1096 6666
1246 1053 1301 1096 666
1329 1033 1502 1096 crediderim
1534 1043 1596 1095 turo
1628 1033 1712 1112 signa

357 1133 464 1195 amissa
487 1153 550 1196 esse
574 1135 631 1197 ulla
654 1135 711 1196 nisi
733 1155 799 1198 cum
825 1137 957 1198 Statiano
979 1137 1081 1216 legato.
1118 1137 1191 1198 Nam
1214 1136 1278 1216 ipse
1292 1137 1438 1199 Antonius
1460 1136 1576 1199 rediens
1600 1138 1711 1199 multos

357 1237 493 1300 homines
515 1238 622 1310 amisit,
645 1238 727 1318 signa
749 1239 776 1300 ei
799 1240 898 1302 hostes
921 1241 999 1302 nulla
1022 1240 1157 1302 videntur
1171 1239 1337 1302 abstulisse.
1359 1275 1401 1284 —
1422 1239 1544 1320 Recepit
1559 1249 1618 1301 tam
1633 1240 1712 1302 cives

358 1341 487 1422 captivos
510 1360 598 1420 quam
622 1341 704 1422 signa
727 1342 862 1404 militaria
884 1344 1033 1423 Augustus
1060 1363 1077 1406 6
1099 1362 1166 1423 rege
1187 1343 1313 1405 Phraate
1334 1361 1361 1404 a.
1378 1342 1439 1404 734
1463 1342 1493 1404 in
1516 1343 1597 1424 Syria
1619 1361 1710 1424 agens

357 1444 423 1522 (llio
439 1446 488 1518 54,
506 1443 524 1504 8
541 1449 608 1518 661.)
631 1445 676 1506 vel
697 1445 796 1526 potius
817 1445 902 1509 iussu
923 1445 987 1508 eius
1002 1446 1045 1508 Ti.
1062 1445 1138 1508 Nero
1160 1447 1255 1524 (Suet
1272 1446 1336 1508 Tib.
1353 1445 1396 1525 9).
1433 1445 1474 1509 Eo
1490 1455 1624 1527 tempore
1637 1446 1713 1508 Par-

358 1547 424 1609 thos
446 1547 534 1610 etiam
557 1549 716 1611 amicitiam
739 1549 839 1631 populi
861 1548 986 1610 Romani
1008 1549 1154 1629 supplices
1182 1548 1302 1628 petiisse
1327 1558 1443 1630 praeter
1464 1549 1712 1612 commentarium

356 1651 487 1712 indicant
508 1652 624 1714 nummi
646 1653 786 1734 plerique,
809 1653 840 1715 iu
863 1651 970 1732 quibus
986 1651 1112 1713 Parthus
1135 1670 1212 1731 genu
1235 1653 1329 1713 llexus
1351 1651 1466 1731 signum
1486 1650 1611 1713 militare
1627 1653 1715 1714 offert

357 1754 523 1834 (2616616,
540 1757 612 1832 95);
634 1756 759 1836 denique
782 1757 919 1818 Horatius
942 1776 987 1836 ep.
1006 1757 1033 1829 1,
1052 1754 1172 1828 1616
1193 1760 1237 1818 ius
1259 1759 1463 1836 imperiumque
1485 1753 1622 1818 Pltrootes
1639 1755 1715 1818 Coe·

357 1861 432 1920 sorr‘s
453 1862 558 1938 occepit
577 1859 695 1938 pertibus
717 1863 812 1921 creber
840 1869 870 1921 et
892 1858 1016 1921 Orosius
1038 1858 1067 1932 6,
1089 1857 1140 1931 21,
1163 1857 1219 1918 29ι
1254 1857 1356 1920 Partiri
1368 1903 1375 1919 .
1394 1903 1401 1918 .
1418 1903 1426 1918 .
1442 1856 1519 1920 ultro
1540 1861 1620 1938 61666
1641 1878 1715 1940 quoe

359 1959 461 2023 Crasso
483 1963 631 2042 interfecto
654 1962 830 2025 obstulerant
851 1963 889 2024 ad
913 1962 1060 2024 Caesarem
1083 1965 1253 2024 remt'aeruut
1277 1965 1417 2043 regiisque
1438 1961 1579 2025 obu'dibeu
1602 1963 1715 2026 1666666

359 2067 406 2136 (ci.
423 2065 460 2126 ad
475 2065 504 2138 6,
521 2064 554 2144 3)
575 2067 694 2146 6666666
719 2066 822 2147 [udus
842 2067 923 2147 fideli
946 2065 1149 2145 supplicatione
1170 2075 1349 2127 muneraret.
1371 2099 1412 2108 —
1432 2064 1465 2126 lu
1488 2063 1578 2126 lorica
1599 2075 1715 2128 6161666

358 2167 572 2248 pulcherrimae
587 2168 719 2248 Augusti,
740 2188 816 2249 quae
835 2187 913 2230 auno
930 2168 1011 2230 1863
1028 2169 1062 2230 ad
1079 2166 1202 2228 Romam
1220 2177 1335 2249 reperta
1351 2176 1404 2241 661,
1420 2167 1568 2231 dedicatae
1583 2178 1618 2230 61
1630 2167 1716 2230 ride-

359 2281 408 2333 tur
423 2291 448 2331 6.
463 2290 493 2333 6.
509 2291 534 2333 6.
552 2274 610 2333 741
631 2272 771 2352 (Kcebler
793 2291 861 2334 ann.
877 2272 947 2334 inst.
969 2273 1048 2333 arch.
1068 2271 1148 2333 1863
1171 2291 1199 2352 p.
1222 2273 1284 2334 440
1297 2272 1364 2352 sq),
1387 2272 1494 2334 caelata
1511 2281 1582 2334 6661
1597 2271 1680 2352 signa
1697 2292 1716 2334 6

358 2374 476 2437 Parthis
492 2383 677 2456 recuperata3
698 2394 765 2438 nam
782 2395 886 2457 parum
902 2374 1092 2455 probabiliter
1107 2374 1249 2454 Bergldus
1263 2395 1293 2456 p.
1308 2374 1368 2437 106
1382 2375 1499 2436 Parthis
1513 2374 1555 2436 ibi
1570 2375 1717 2456 llispanos

360 2478 523 2541 substituit.
545 2515 583 2524 —
610 2479 651 2540 lle
673 2479 782 2560 duplici
804 2479 874 2542 aede
896 2479 997 2541 llartis
1020 2477 1139 2552 Ultoris,
1167 2479 1256 2540 altera
1278 2478 1393 2540 minore
1413 2478 1446 2539 iu
1468 2477 1609 2559 Capitolio
1630 2479 1716 2540 dedi-

361 2591 423 2644 cata
446 2601 471 2644 6.
488 2581 559 2656 734,
582 2583 671 2644 altera
694 2582 804 2644 maiore
825 2581 857 2644 in
878 2584 942 2644 foro
957 2583 1089 2662 Augusto
1112 2582 1242 2644 dedicata
1264 2601 1290 2644 6.
1308 2580 1369 2643 752
1392 2581 1616 2663 duplicibusque
1637 2581 1716 2644 ludis

360 2685 542 2749 Martialibus
565 2685 668 2748 diebus
690 2686 755 2749 llai.
774 2685 945 2766 12611166.
963 2688 978 2747 1
997 2685 1056 2748 dixi
1075 2685 1106 2747 iu
1122 2685 1153 2747 C.
1169 2686 1191 2746 l.
1207 2686 1239 2747 L.
1256 2685 1312 2747 rol.
1331 2686 1345 2745 1
1363 2704 1392 2765 p.
1410 2684 1471 2746 393
1486 2683 1584 2764 ibique
1599 2685 1716 2747 ostendi

360 2791 438 2853 illam
461 2791 563 2852 aedem
586 2790 727 2870 illumque
749 2791 826 2852 diem
849 2790 967 2872 proprie
989 2788 1136 2870 pertinere
1158 2789 1195 2850 ad
1217 2788 1298 2868 signa
1321 2787 1469 2850 aPartbis
1488 2797 1614 2870 recepta,
1637 2788 1716 2850 banc

360 2895 460 2958 aedem
484 2904 514 2957 61
535 2894 616 2956 6666
638 2894 715 2956 diem
739 2894 856 2975 proprie
877 2893 914 2956 ad
931 2893 1082 2956 victoriam
1098 2892 1327 2974 Philippensem.
1363 2891 1452 2972 Signa
1474 2911 1507 2954 66
1529 2892 1660 2973 primum
1682 2892 1716 2954 in

361 2996 502 3077 Capitolio
524 2997 662 3059 collocata
691 3006 762 3060 6661
783 2997 981 3075 translataque
1006 2995 1037 3058 iu
1059 2995 1160 3058 aedem
1183 2996 1325 3059 maiorem
1348 3005 1506 3076 postquam
1528 3013 1562 3056 66
1584 2996 1716 3057 dedicata

361 3109 415 3174 661,
438 3109 472 3161 61
494 3100 570 3162 hanc
592 3100 713 3162 omnino
735 3101 791 3163 boc
812 3100 876 3162 loco
892 3098 1042 3180 Augustus
1059 3097 1218 3179 significet3
1240 3099 1436 3179 convenitque
1451 3098 1529 3180 quod
1544 3098 1622 3162 iuter
1636 3099 1717 3178 leges

360 3202 424 3264 aedi
449 3203 476 3264 ei
504 3203 585 3265 datas
612 3207 738 3265 relertur
767 3201 808 3266 ἄν
835 3224 918 3266 ποτε
944 3210 1065 3284 σημεῖα
1087 3201 1307 3285 στρατιωτικὰ
1328 3200 1360 3275 ἐς
1383 3199 1563 3283 πολεμίους
1590 3197 1718 3264 ἁλόντα

361 3301 585 3395 circumcedi,
602 3304 635 3381 ἐς
648 3300 708 3370 τὸν
721 3304 803 3369 ναὸν
818 3303 901 3370 αὐτὰ
915 3297 1080 3368 eddesius
1095 3305 1223 3386 (111655,
1238 3307 1300 3380 10).
1334 3305 1472 3368 lloratius
1485 3305 1718 3386 Propertiusque

361 3409 540 3471 carminibus
572 3430 626 3491 per
658 3411 712 3473 bos
744 3430 838 3473 66666
870 3407 988 3489 scriptis
1021 3407 1172 3488 signorum
1211 3409 1330 3488 quidem
1368 3408 1575 3470 restitutorum
1608 3408 1719 3470 memi-

361 3521 470 3575 nerunt
492 3514 605 3593 (llorat.
626 3533 717 3576 carm.
738 3516 768 3590 4,
789 3516 817 3587 5,
841 3513 893 3588 16;
920 3532 965 3593 66.
991 3512 1018 3586 1,
1042 3511 1090 3586 18,
1111 3512 1166 3586 56;
1191 3511 1325 3593 Propert.
1348 3511 1377 3585 3,
1401 3513 1449 3586 16,
1473 3512 1521 3572 13.
1545 3513 1574 3587 4,
1590 3513 1620 3584 4,
1637 3512 1717 3593 dsq.

362 3618 391 3690 4,
409 3619 437 3692 5,
454 3617 512 3692 48;
535 3619 564 3692 4,
583 3616 631 3693 12,
647 3617 677 3680 3.
701 3620 729 3691 5,
746 3619 775 3692 6,
792 3618 844 3694 79)
869 3635 959 3696 eaque
981 3633 1042 3677 non
1065 3615 1190 3677 obscure
1211 3615 1342 3678 iudicant
1363 3623 1427 3677 tum
1443 3615 1560 3678 stetisse
1582 3615 1613 3676 in
1628 3615 1718 3697 Capi-

363 3722 432 3784 tolio
455 3721 567 3794 (llorat.
584 3723 719 3794 carmi,
738 3723 787 3796 15,
804 3722 838 3783 6:
869 3725 950 3800 siguo
970 3731 1066 3782 nostro
1087 3723 1211 3781 restituit
1232 3717 1307 3792 looi;
1332 3719 1466 3798 Propert
1483 3736 1573 3780 carm.
1588 3720 1618 3792 4,
1634 3721 1664 3792 4,
1681 3719 1717 3780 66

361 3826 525 3889 6666666661
547 3823 625 3887 lotio
648 3823 755 3887 Periba
775 3835 892 3904 tropaeo
915 3823 1006 3900 lcum
1033 3833 1063 3885 61
1090 3841 1178 3903 quam
1207 3832 1311 3885 neuter
1336 3841 1440 3886 eorum
1462 3825 1621 3903 perlectam
1645 3821 1720 3884 vidit

362 3929 463 3991 Martis
489 3927 589 3990 aedem
618 3946 765 4007 nusquam
793 3937 974 4000 memorant,
1003 3946 1041 3989 ne
1068 3927 1105 3988 ab
1127 3925 1231 3988 Ovidio
1259 3926 1378 4006 quidem
1409 3925 1583 3986 celebratam
1604 3924 1663 3986 nisi
1685 3924 1717 3986 in

361 4033 444 4096 iestis
467 4034 510 4112 (5,
526 4032 588 4093 549
601 4050 645 4110 sq.
668 4034 705 4092 cl.
721 4031 751 4104 6,
767 4033 842 4110 459)
865 4041 895 4093 61
917 4031 946 4092 iu
970 4030 1099 4093 tristium
1121 4028 1204 4091 libris
1228 4029 1269 4105 (2,
1290 4028 1375 4110 295).
1419 4028 1463 4089 lbi
1486 4026 1594 4090 dieitur
1615 4025 1720 4090 Murtr's

362 4139 402 4200 bis
423 4137 494 4210 ulti,
528 4135 641 4198 scilicet
665 4135 716 4216 qui
744 4135 823 4197 ultus
852 4143 930 4197 esset
958 4135 1087 4214 primum
1118 4135 1235 4195 eaedem
1258 4131 1390 4195 Caesaris
1412 4131 1578 4206 dictatoris,
1612 4131 1719 4194 deinde

363 4253 488 4321 stragem
513 4239 705 4302 Crassianam.
757 4238 879 4300 Nummi
906 4238 1007 4299 aedem
1031 4237 1130 4299 blartis
1153 4236 1261 4299 Ultoris
1289 4235 1460 4298 exhibentes
1486 4253 1553 4298 cum
1577 4253 1613 4296 ex
1634 4245 1719 4314 parte

362 4355 440 4407 certe
463 4345 526 4406 cusi
549 4343 609 4404 sint
630 4364 656 4405 6.
673 4343 768 4412 73516
784 4341 904 4422 (Eckbel
921 4341 949 4414 6,
968 4341 1043 4410 106;
1066 4339 1166 4402 Coben
1181 4341 1254 4421 dug.
1270 4359 1300 4401 6.
1317 4339 1401 4415 202),
1425 4349 1646 4420 repraesentant
1667 4347 1719 4400 aut

362 4448 463 4512 aedem
487 4447 678 4528 Capitolinam
701 4456 753 4509 661
774 4446 853 4528 quod
875 4445 1051 4524 Rorgbesius
1074 4444 1199 4525 (6662,
1216 4444 1291 4516 379)
1314 4443 1448 4525 probavit
1472 4452 1503 4505 61
1524 4460 1577 4521 ego
1599 4461 1718 4522 quoque

363 4551 562 4634 praetulerim,
585 4549 687 4610 aedem
710 4549 850 4611 maiorem
872 4558 1029 4628 autequam
1053 4549 1252 4628 perficeretur.

463 4651 552 4714 Tituli
579 4671 684 4727 arcus,
718 4671 806 4750 quem
834 4651 921 4714 modo
949 4651 1076 4713 vidimus
1104 4659 1223 4732 propter
1249 4650 1332 4730 signa
1362 4657 1478 4730 recepta
1505 4649 1638 4728 Augusto
1666 4648 1719 4710 de-

364 4758 492 4820 dicatum
520 4774 582 4816 esse
609 4755 639 4816 in
667 4758 731 4818 ioro
757 4756 906 4826 Romano,
936 4755 1102 4835 quaesitum
1131 4763 1176 4816 est
1211 4773 1284 4816 num
1318 4753 1456 4834 reliquiae
1483 4751 1580 4813 adbuc
1608 4757 1717 4812 extent

365 4863 483 4924 inventa
505 4858 584 4922 enim
608 4858 638 4920 iu
661 4861 725 4921 ioro
748 4869 819 4921 sunt
839 4861 1002 4939 fragmenta
1028 4857 1181 4938 quaedam,
1209 4875 1373 4937 quaecum
1396 4865 1517 4937 propter
1538 4857 1664 4916 lormam
1687 4851 1718 4914 in
