3798 5584
796 445 829 511 V,
851 448 909 501 18-
921 447 954 500 23
1482 445 1543 510 105

192 627 386 706 [Cimbrorum
411 627 673 708 promunturium,
702 627 751 688 sed
779 626 842 708 ipse
868 624 1038 706 improbans
1065 633 1185 706 propter
1207 624 1293 706 spatii
1315 624 1479 704 angustias,
1507 623 1545 686 ad

193 735 325 809 [mosem
360 731 505 808 Seooaelm
537 733 587 812 (el.
610 730 722 792 Plinius
752 731 785 802 4,
815 730 868 804 13,
892 729 946 806 96)
981 727 1140 808 limphas,
1176 731 1215 791 ad
1249 731 1351 808 [meeum
1387 727 1545 806 Codanulm

193 835 344 914 lierglrius
367 854 435 896 curn
458 835 493 896 de
515 853 547 896 re
568 853 606 896 ne
629 843 692 896 tum
716 833 834 913 quidem
858 832 983 894 dubitari
1005 841 1114 912 posset.

292 937 446 998 Pertinent
472 937 543 998 haec
568 937 604 998 ad
634 936 848 1018 expeditionem
876 935 1077 998 Germanicam
1110 935 1153 996 Ti.
1177 936 1307 998 Caesaris
1334 957 1359 998 a.
1382 957 1410 1000 u.
1432 957 1456 999 a.
1474 937 1544 1000 758.

192 1041 261 1102 Vell.
279 1040 314 1114 2,
340 1040 413 1102 106;
442 1040 552 1112 classis,
583 1059 654 1122 puae
681 1045 781 1104 oeeam'
806 1043 1097 1120 circumaaoipaverat
1123 1043 1220 1112 siuas,
1248 1041 1283 1102 ab
1312 1041 1437 1103 iaarrdito
1463 1052 1545 1122 atque

190 1149 330 1224 becapaito
353 1155 417 1205 aare
439 1148 516 1206 mari
534 1144 655 1223 flumine
677 1145 742 1206 Albi
761 1144 893 1206 subvecta
915 1147 1054 1206 eaereitm'
1069 1142 1238 1224 Caesarique
1253 1163 1281 1205 se
1295 1148 1399 1206 iuamit.
1433 1144 1545 1206 Plinius

191 1248 219 1307 h.
236 1265 266 1308 n.
283 1246 312 1320 2,
336 1248 387 1320 67,
412 1248 485 1309 167:
508 1249 733 1328 septentrionalis
756 1265 878 1310 oceanus
900 1251 1007 1310 maiore
1029 1265 1067 1308 ea
1084 1257 1169 1328 parte
1191 1253 1340 1328 aucipatus
1361 1259 1400 1310 est
1415 1252 1546 1328 auspiciis

192 1353 252 1412 diui
276 1352 409 1432 Aupustr',
438 1351 622 1413 Germaniam
651 1353 738 1414 classe
768 1356 955 1414 circumvecta
983 1351 1020 1412 ad
1050 1350 1234 1414 Cimbrorum
1258 1356 1492 1434 promunturium
1520 1362 1547 1413 et

190 1455 257 1517 iude
282 1458 417 1516 immenso
443 1460 521 1517 mari
543 1467 688 1536 prospecto
715 1467 766 1517 aut
787 1457 870 1535 sama
892 1458 1001 1534 capreito
1023 1453 1183 1534 Scythicam
1206 1454 1244 1516 ad
1263 1455 1378 1535 plapam
1400 1465 1427 1516 et
1447 1473 1546 1517 umore

191 1561 278 1620 nimio
299 1561 429 1638 ripmtr'a.
467 1559 654 1622 Cimbrorum
677 1559 713 1620 ad
728 1559 895 1638 Angustum
919 1557 1092 1637 legationem
1117 1557 1210 1637 tangit
1231 1558 1318 1620 etiarn
1337 1558 1442 1620 Strabo
1465 1559 1493 1631 7,
1516 1558 1545 1630 2,

193 1665 205 1722 l
225 1681 254 1742 p.
271 1661 347 1724 293:
371 1660 547 1744 (Κίμβροι)
570 1659 728 1746 ἔπεμψαν
749 1661 796 1744 τῷ
810 1660 967 1742 Σεβαστῷ
988 1658 1096 1742 δῶρον
1117 1654 1176 1723 τόν
1198 1657 1373 1742 ἳεροίτατον
1389 1660 1472 1744 παρ’
1488 1655 1546 1723 αι’·-

189 1775 261 1838 τοτς
282 1761 414 1848 λέβητα,
437 1761 629 1848 αἰτούμενον
656 1763 772 1848 φιλίαν
793 1763 850 1826 καὶ
872 1760 1054 1846 ἀμνηστίαν
1068 1763 1131 1826 τῶν
1146 1759 1375 1846 ὑπηργμένων·
1398 1760 1546 1842 τυχόντες

191 1866 228 1930 δὲ
256 1858 301 1930 ὦν
328 1861 441 1951 ἠξίουν
464 1864 605 1951 ἀπῆραν.
649 1869 707 1930 Εοε
729 1868 867 1948 degentes
889 1868 1052 1929 seeundum
1074 1867 1275 1929 Ptolemaeum
1299 1868 1342 1948 (2,
1368 1870 1415 1940 11,
1442 1867 1493 1944 12)
1515 1869 1545 1930 in

189 1979 321 2033 extrema
342 1972 486 2034 lutlandia
508 1991 607 2034 errore
628 1973 733 2036 Strabo
756 1974 799 2052 (7,
818 1974 844 2044 1,
861 1971 879 2033 3
896 1992 924 2051 p.
941 1970 1019 2046 2913
1043 1973 1071 2044 7,
1095 1970 1124 2044 2,
1148 1973 1166 2032 4
1182 1992 1210 2051 p.
1227 1971 1302 2052 294)
1317 1972 1396 2033 inter
1410 1971 1545 2034 Rhenum

190 2085 220 2138 et
241 2075 337 2138 Albim
367 2076 489 2138 collocat
511 2075 561 2150 (el.
585 2076 675 2138 Zanes
698 2097 726 2157 p.
745 2077 832 2154 145),
860 2075 999 2156 deeeptus
1026 2075 1131 2156 opinor
1153 2095 1201 2146 eo,
1232 2075 1310 2154 quod
1333 2095 1392 2155 quo
1416 2086 1547 2156 tempore

190 2179 302 2241 Cimbri
332 2179 490 2241 amicitiam
520 2180 620 2260 populi
642 2178 767 2241 Romani
794 2179 959 2260 petierunt,
990 2178 1135 2241 exercitus
1157 2177 1308 2240 Romanus
1331 2179 1427 2241 Albim
1450 2189 1547 2241 trans-

190 2302 309 2362 gressus
331 2301 391 2344 non
413 2293 473 2357 est3
497 2285 575 2346 unde
597 2283 739 2364 populum
762 2283 843 2344 hunc
865 2283 942 2344 sicut
964 2283 1035 2344 alios
1058 2283 1160 2344 eodem
1185 2293 1316 2362 tempore
1338 2283 1374 2344 ad
1389 2283 1546 2346 amicitiam

191 2407 219 2467 p.
235 2386 269 2446 li.
292 2386 445 2448 adiunctos
473 2385 597 2448 credidit
618 2407 683 2448 esse
706 2407 721 2447 a
744 2386 862 2448 sinistra
885 2386 967 2448 lluvii
989 2385 1079 2448 Albis.
1122 2388 1160 2447 At
1181 2395 1211 2448 et
1233 2386 1328 2466 tetigit
1350 2406 1431 2450 oram
1455 2387 1547 2467 magis

190 2489 446 2570 septentrionalem
472 2489 501 2551 in
525 2509 558 2551 ea
580 2490 762 2570 expeditione
784 2490 885 2551 elassis
901 2489 1033 2552 Romana
1055 2499 1085 2551 et
1106 2509 1141 2551 ex
1162 2490 1227 2570 ipso
1243 2499 1436 2552 monumento
1451 2491 1547 2571 Ancy-

189 2612 262 2654 rano
289 2592 434 2672 colligitur
461 2593 552 2656 luisse
579 2593 713 2656 Cimbros
745 2603 826 2656 trans
848 2593 962 2666 Albim3
990 2611 1058 2654 nam
1081 2593 1256 2673 populorum
1280 2593 1357 2655 intra
1380 2594 1453 2654 lines
1475 2613 1547 2654 corr-

189 2696 362 2758 stitutorum
390 2695 548 2776 legationes
571 2697 652 2758 nullo
675 2697 739 2758 loco
758 2696 799 2758 ibi
816 2705 1017 2758 memorantur
1032 2715 1086 2758 nee
1101 2696 1257 2758 memorari
1273 2695 1447 2768 debuerunt,
1471 2696 1547 2757 liniri

189 2808 288 2861 autem
315 2797 473 2879 imperium
501 2800 667 2862 llomanum
695 2820 726 2860 ea
755 2809 848 2860 aetate
870 2799 934 2862 Albi
962 2799 1051 2860 llario
1074 2799 1161 2861 modo
1183 2801 1224 2879 (p.
1250 2799 1322 2878 103)
1345 2799 1482 2861 vidimus.
1505 2834 1547 2842 —

189 2900 339 2962 Charntles
368 2902 454 2981 (quas
480 2903 683 2983 quadratarius
706 2905 877 2984 Ancyranus
900 2903 1047 2983 Charydes
1069 2903 1161 2982 magis
1183 2922 1248 2964 esse
1270 2903 1375 2975 voluit,
1403 2903 1547 2982 interpres

189 3005 262 3066 adeo
285 3004 410 3066 Graecae
440 3006 625 3068 fabulationis
649 3007 724 3068 male
754 3025 868 3068 memor
890 3007 920 3068 in
943 3007 1084 3087 Chalybes
1107 3006 1339 3086 transformarit)
1361 3006 1547 3067 Ptolemaeus

190 3108 231 3183 (2,
258 3109 306 3182 11,
333 3108 384 3187 12)
411 3110 533 3172 collocat
560 3110 590 3172 in
618 3111 719 3171 eadem
750 3110 919 3189 paeninsula
948 3109 1003 3170 sub
1025 3108 1166 3182 Cimbris;
1194 3119 1342 3189 praeterea
1365 3129 1424 3171 non
1448 3108 1547 3170 nonti-

189 3219 306 3284 nantur‚
331 3211 389 3273 nisi
410 3213 487 3291 qnod
511 3213 589 3276 inter
611 3214 735 3294 populos
758 3213 904 3274 exercitus
919 3211 1057 3274 Ariovisti
1080 3221 1239 3274 occurrunt
1262 3211 1394 3274 Harudes
1409 3212 1502 3284 (Caes.
1519 3210 1546 3272 b.

189 3314 260 3375 Gall.
280 3316 307 3375 1.
329 3315 379 3375 31.
401 3315 451 3375 37.
473 3317 531 3390 51;
558 3320 595 3378 al.
617 3316 708 3378 Zenss
738 3335 767 3396 p.
791 3316 873 3391 152.)
900 3352 942 3360 -
971 3315 1133 3378 Semnones
1160 3325 1263 3376 notum
1293 3324 1339 3376 est
1361 3315 1449 3377 luisse
1471 3316 1548 3377 inter

188 3417 285 3479 Albim
309 3427 339 3480 et
361 3417 499 3481 Viadrnm
523 3421 573 3500 (el.
596 3419 687 3482 Zeuss
709 3440 737 3500 p.
761 3419 900 3498 130sq.l.

213 3643 279 3686 nar.
296 3625 324 3698 5,
341 3643 367 3688 ts
384 3646 410 3688 rs
437 3625 501 3687 bleo
523 3626 606 3689 iussit
629 3634 658 3687 et
684 3625 814 3707 auspicio
842 3624 922 3688 ducti
952 3634 1024 3686 sunt
1048 3623 1054 3707 Ι
1079 3625 1155 3704 [duo]
1184 3626 1328 3689 exercitds
1355 3626 1458 3687 eddem
1487 3630 1548 3688 l'ere

376 3747 404 3791 νο
434 3739 566 3809 tempore
588 3729 619 3790 in
634 3729 817 3810 Aethiopiam
840 3738 870 3790 et
891 3728 922 3788 in
937 3728 1105 3807 Ar[a]biam‚
1128 3748 1204 3808 qnae
1225 3727 1417 3810 appelMlatur]
1439 3729 1547 3790 eudae-

378 3851 402 3894 at
434 3835 513 3908 mon,
542 3835 762 3913 [mambulaeque
793 3831 943 3913 hosltlium
966 3833 1062 3911 gentis
1085 3834 1257 3913 utrlialsque
1279 3835 1399 3912 copliae]
1424 3832 1429 3914 Ι
1448 3853 1548 3895 caesae

431 3947 501 3999 sunt
528 3938 558 3999 in
580 3938 640 3999 acie
662 3946 693 3998 et
715 3936 905 4016 [clomplurla
928 3936 1033 4017 oppida
1056 3945 1147 4016 capta.
1191 3937 1224 3996 ln
1246 3936 1430 4016 Aethiopiam
1455 3955 1548 4016 usqne

376 4058 403 4102 aa
431 4041 467 4101 ad
490 4039 636 4122 oppildnm
660 4040 770 4103 Nabata
792 4041 984 4122 perventlum]
1007 4049 1062 4114 est,
1085 4040 1132 4101 cui
1155 4039 1288 4120 proxima
1310 4048 1356 4100 est
1370 4039 1477 4101 Meroe.
1513 4041 1547 4100 ln

262 4215 266 4220 ¹
379 4161 405 4204 aa
434 4142 569 4204 Arabiam
599 4142 720 4226 usquel
749 4146 779 4206 in
810 4143 886 4206 linis
915 4144 1092 4206 Sabaeorum
1113 4121 1280 4224 ’pro[cess]it
1313 4143 1479 4220 exerc[it]ns
1511 4142 1547 4203 ad

436 4245 577 4325 oppidum
600 4245 718 4308 Mariba.
741 4245 783 4328 §l

206 4367 253 4408 an.
272 4347 320 4420 14,
338 4367 361 4410 rr
381 4369 406 4412 rs
428 4343 509 4436 Ἐμῇ
531 4347 673 4438 ineram}
695 4351 751 4413 καὶ
774 4351 907 4422 οἰωνοῖς
937 4347 1071 4428 αίσίΙονς
1101 4347 1161 4414 δύο
1191 4345 1417 4432 στρατεύματα
1443 4347 1546 4433 ἐπέβη

378 4471 404 4512 ra
436 4454 617 4532 Athroula
645 4451 700 4515 aeui
724 4449 865 4534 Ἀραβίᾳ
889 4451 893 4533 Ι
918 4453 957 4541 τῇ
985 4445 1160 4535 εὐδαίμονι
1191 4451 1373 4538 καλουμένῃ
1402 4449 1547 4536 μεγάλας

375 4572 404 4616 aa
429 4577 464 4616 τε
491 4555 556 4617 τῶν
584 4554 764 4639 ποξλεμίαν
792 4552 949 4638 δυνάμεις
977 4559 1161 4640 κατέκοψεν
1187 4554 1223 4619 ἐν
1251 4553 1434 4640 παρατάξει
1468 4554 1548 4642 καί)

331 4675 358 4719 aa
376 4674 403 4719 aa
431 4655 590 4731 πλείστας
606 4655 721 4732 πόλεις
737 4655 960 4742 δοριαλώτους
972 4657 1089 4740 ἔλαβεν
1100 4659 1156 4721 καὶ
1168 4661 1304 4743 aeolida
1317 4658 1353 4725 ἐν
1368 4661 1548 4740 Αἰθιοπίᾳ

374 4778 401 4822 νε
430 4763 525 4842 μέχρι
560 4759 688 4835 πόλεως
720 4757 891 4844 Ναβάτης,
926 4757 997 4848 η’τις
1027 4763 1032 4844 Ι
1062 4760 1152 4825 ἐστὶν
1176 4759 1310 4839 ἔνντστα
1334 4759 1449 4846 Μερόη
1472 4763 1547 4844 (αὀ),

374 4881 401 4925 tt
429 4861 464 4926 ἐν
482 4858 621 4945 Ἀραβίᾳ
644 4861 681 4927 δὲ
703 4862 797 4948 μέχρι
821 4859 958 4944 πόλεμος
982 4866 1151 4948 Μαρίβας.
