3812 5580
666 464 822 523 555555
841 465 1064 524 5555555555
1482 477 1544 539 165

186 649 267 732 Syria
289 657 407 728 agente;
430 648 555 728 Agrippa
577 655 675 709 autem
698 665 877 726 quamquam
900 665 959 708 non
983 647 1079 709 solum
1102 666 1242 728 praesens
1270 669 1317 712 res
1340 650 1545 714 administrare

185 753 289 835 potuit,
312 753 364 814 sed
385 752 457 814 item
480 749 610 812 officium
634 749 689 812 sibi
711 750 904 812 commissum
925 769 978 830 per
997 751 1107 830 legatos
1129 752 1277 832 perticere,
1301 753 1355 815 hos
1377 763 1408 816 et
1428 754 1492 817 iure
1516 766 1546 819 57

184 859 296 920 bonore
318 856 402 936 longe
424 855 554 918 57555555
577 853 667 915 757555
688 871 704 915 5
727 853 821 915 5577775
845 852 944 934 Syriae
966 854 1150 934 praesidibus
1172 863 1404 919 consentaneum
1427 867 1481 920 est.

286 959 428 1022 Similiter
454 958 484 1020 C.
508 959 614 1020 Caesar
646 956 697 1036 qui
730 956 761 1017 in
796 955 946 1018 Orientem
981 961 1131 1037 protectus
1165 977 1190 1020 a.
1215 959 1275 1022 753
1306 959 1347 1021 ibi
1379 965 1544 1042 permansit

185 1081 237 1144 per
258 1061 495 1142 quadriennium,
523 1060 616 1122 donec
638 1061 809 1122 vulneratus
831 1079 857 1121 5.
874 1060 935 1122 756
958 1061 1090 1140 Artagira
1118 1061 1256 1124 obsidens
1285 1062 1446 1125 exercitum
1475 1065 1545 1126 reli-

184 1165 250 1245 quit
275 1174 306 1227 et
331 1165 362 1226 in
388 1165 484 1226 reditu
507 1183 532 1226 a.
556 1164 617 1225 757
639 1161 724 1224 Febr.
748 1161 786 1223 71
815 1163 846 1223 75
870 1163 956 1244 Lycia
987 1163 1063 1226 diens
1088 1163 1170 1238 obiit,
1200 1185 1235 1227 eo
1264 1166 1373 1228 missus
1402 1177 1447 1228 est
1475 1187 1543 1230 cum

184 1277 326 1350 potestate
348 1266 551 1350 proconsulari
573 1266 714 1345 (Zonaras
743 1267 791 1340 10,
808 1265 866 1327 36:
895 1263 953 1348 τὴν
981 1263 1135 1337 ἐξουσίαν
1157 1263 1246 1351 αὐτῷ
1267 1269 1325 1351 τὴν
1348 1263 1546 1334 ἀνθύπατον

185 1369 327 1453 ἔδωκεν),
351 1375 390 1436 ud
411 1371 588 1434 ordinandas
610 1369 726 1450 Aegypti
746 1369 902 1450 Syriaeque
921 1372 1094 1450 provincias,
1125 1379 1158 1432 ut
1180 1371 1221 1432 577
1244 1371 1367 1434 Orosius
1391 1375 1432 1447 (7,
1455 1374 1484 1448 3,
1501 1376 1544 1455 4),

185 1471 298 1533 Orienti
314 1474 501 1552 praepositus,
525 1480 559 1532 ut
581 1479 626 1532 est
648 1472 725 1552 apud
746 1471 920 1533 Suetonium
939 1472 1014 1546 t'fib.
1034 1471 1094 1551 17).
1140 1473 1180 1534 lla
1203 1483 1333 1554 potestas
1356 1485 1457 1538 utrum
1480 1478 1544 1540 iure

184 1573 219 1635 ad
242 1573 413 1636 universum
431 1573 588 1654 imperium
604 1575 790 1653 pertinuerit,
813 1575 843 1636 75
858 1575 936 1654 5555
952 1574 982 1635 75
999 1575 1125 1655 Agrippa
1141 1575 1268 1639 vidimus
1284 1577 1381 1641 locum
1398 1580 1545 1654 habuisse,

184 1695 221 1739 an
236 1677 306 1739 huic
317 1677 496 1739 adulescenti
508 1676 548 1738 ita
560 1679 619 1740 fere
632 1675 790 1738 commissa
802 1678 849 1750 sit,
866 1687 899 1740 ut
910 1687 1012 1758 postea
1024 1677 1054 1738 in
1068 1677 1242 1741 Germanico
1254 1683 1363 1743 factum
1376 1691 1430 1756 est,
1447 1685 1545 1746 deter-

185 1780 289 1842 minari
304 1799 364 1842 non
387 1789 494 1860 potest,
515 1799 611 1860 neque
634 1779 669 1842 ad
686 1789 816 1842 nostram
833 1782 1034 1860 quaestionem
1051 1799 1084 1842 ea
1098 1781 1215 1862 imperii
1236 1783 1388 1847 diversitas
1404 1787 1541 1867 pertinet.

184 1886 306 1965 Semper
338 1883 417 1945 enim
451 1883 608 1946 verisimile
641 1894 685 1946 est
719 1893 781 1946 tum
815 1903 875 1945 non
905 1883 997 1964 magis
1024 1902 1113 1963 quam
1142 1905 1195 1967 per
1222 1907 1273 1948 eos
1299 1905 1402 1962 annos,
1436 1890 1545 1969 quibus

184 1987 309 2068 Agrippa
332 1986 431 2048 iussus
454 1994 500 2047 est
520 1986 619 2066 Syriae
642 2005 690 2048 res
712 2004 825 2060 curare,
848 1986 976 2067 legatum
992 1987 1116 2066 Augusti
1140 1988 1240 2070 Syriae
1261 1991 1432 2071 praefuisse,
1456 1993 1544 2074 idque

184 2091 299 2152 silentio
321 2091 357 2152 de
379 2110 413 2152 eo
436 2098 592 2151 auctorum
614 2089 794 2169 aliquantum
819 2091 1025 2164 confirmatum
1047 2107 1115 2151 nam
1136 2091 1161 2152 si
1177 2094 1290 2168 fuisset,
1313 2093 1344 2155 in
1359 2096 1544 2176 expeditione

185 2194 247 2256 Gaii
268 2194 464 2274 festinatoque
486 2193 549 2254 eius
571 2193 668 2256 reditu
691 2194 844 2256 narrandis
868 2193 914 2254 vix
936 2193 1089 2274 praeteriri
1110 2195 1216 2275 potuit.

283 2297 381 2378 Syriae
404 2297 510 2377 privati
531 2297 582 2376 qui
604 2316 657 2378 per
678 2299 733 2360 hos
755 2316 848 2360 annos
870 2298 1061 2378 praefuerint,
1084 2297 1276 2361 inueniuntur
1298 2299 1371 2381 hi¹).

288 2403 313 2460 t.
348 2400 386 2461 ll.
402 2400 546 2462 Tullius
562 2400 685 2462 Cicero
701 2403 824 2464 oratoris
841 2401 918 2464 filius
933 2411 1022 2464 natus
1036 2423 1062 2463 5.
1079 2422 1108 2464 5.
1124 2420 1148 2463 5.
1162 2401 1224 2464 689
1239 2421 1374 2466 55555555
1390 2405 1419 2466 75
1431 2405 1543 2468 7751755

184 2512 251 2584 post
270 2523 371 2584 pacem
388 2503 558 2565 7575555755
575 2523 600 2564 5.
614 2506 675 2566 715
693 2509 791 2567 755555
810 2504 941 2567 Caesaris
962 2505 1014 2566 frlii
1034 2513 1102 2585 post
1124 2505 1319 2580 consulatum,
1342 2526 1401 2587 quo
1424 2510 1544 2572 functus

185 2615 231 2668 557
252 2625 277 2668 5.
295 2606 366 2680 774,
390 2607 503 2687 Syriam
526 2607 708 2687 provinciam
730 2607 900 2682 obtinuit¹).
937 2607 978 2669 lle
994 2617 1127 2688 tempore
1143 2625 1202 2668 non
1219 2617 1343 2684 constat,
1367 2629 1434 2672 cum
1451 2611 1545 2674 75755-

74 2775 76 2780 ,
185 2711 292 2773 vallum
321 2711 399 2774 75755
431 2710 616 2772 5555575755
651 2721 680 2774 57
712 2711 885 2792 legationem
916 2710 1065 2792 Syriacam
1099 2709 1178 2772 nulla
1211 2711 1379 2774 coniectura
1414 2715 1546 2796 suppleri

185 2815 287 2895 possit.

285 2915 314 2977 7.
350 2961 479 2976 ......
502 2915 614 2977 Varro
637 2923 704 2978 ante
727 2935 752 2976 a.
770 2915 840 2977 734.
885 2915 926 2977 775
949 2915 1093 2976 Zenodori
1108 2916 1294 2978 ituraeorum
1317 2918 1411 2998 reguli
1426 2920 1545 2983 latroci-

187 3019 242 3082 niis
265 3038 333 3082 cum
349 3018 522 3081 Damasceni
538 3019 614 3099 apud
631 3019 790 3080 75555555
808 3018 908 3099 Syriae
924 3019 1088 3098 praesidem
1105 3020 1258 3100 conquesti
1275 3031 1375 3084 essent
1389 3023 1545 3103 (Iosephus

185 3123 250 3184 bell.
276 3125 303 3196 l,
320 3121 371 3196 70,
388 3123 424 3183 47
449 3117 481 3184 oi
504 3119 542 3183 δὲ
565 3119 623 3183 ἐπὶ
642 3116 823 3204 Οὐάρρωνα
845 3121 903 3184 τὸν
926 3117 1071 3204 ἡγεμόνα
1093 3123 1148 3204 τῆς
1163 3122 1285 3205 Συρίας
1305 3124 1546 3206 καταφυγόντες

186 3220 374 3309 ἐδεήθησαν
395 3222 542 3307 δηλῶσαι
558 3223 618 3307 τὴν
634 3223 809 3306 συμᾳορὰυ
824 3219 932 3287 αὐτῶν
952 3227 1115 3304 Καίσαρι)
1138 3234 1197 3287 557.
1217 3227 1265 3300 15,
1284 3225 1391 3304 1171),
1415 3209 1546 3290 Caesaris

187 3330 270 3391 iussu
286 3330 377 3391 Varro
398 3328 530 3390 ituraeos
552 3328 642 3390 armis
665 3328 795 3390 coercuit
816 3337 846 3390 57
867 3337 969 3408 postea
985 3321 1147 3408 (ὕστερον)
1170 3346 1244 3408 5555
1260 3329 1405 3391 Zenodori
1427 3333 1548 3393 fuerant

186 3432 294 3494 Herodi
323 3431 451 3494 75557577.
496 3430 558 3493 7755
580 3434 691 3493 755755
714 3439 759 3492 557
780 3431 901 3493 Caesare
923 3431 954 3492 in
975 3431 1058 3511 Syria
1080 3425 1215 3493 morante
1236 3451 1261 3492 a.
1278 3431 1340 3494 734
1363 3432 1429 3512 (7775
1446 3434 1540 3512 aaa).

186 3536 277 3598 Varro
304 3536 330 3598 is
357 3535 408 3614 qui
435 3534 538 3608 fuerit,
566 3533 733 3614 ignoratum
756 3543 940 3616 potestesse
963 3533 988 3596 is
1010 3535 1089 3615 ipse,
1116 3552 1204 3613 quern
1228 3533 1355 3616 Agrippa
1377 3535 1409 3596 in
1430 3536 1544 3618 Syriam

188 3638 278 3701 misit.
308 3638 393 3712 Quod
420 3637 446 3699 57
472 3637 513 3706 775
540 3646 598 3712 557,
621 3657 652 3700 55
676 3637 768 3719 magis
791 3656 879 3718 quam
903 3638 966 3699 iure
988 3638 1101 3718 legatus
1124 3635 1225 3717 Syriae
1247 3637 1426 3717 appellatur,
1449 3657 1545 3718 neque

286 3847 307 3915 ι)
326 3847 428 3900 757755
458 3848 547 3900 555557
572 3863 595 3899 a.
609 3847 658 3899 739
677 3849 778 3912 legatus
808 3847 926 3898 Caesaris
945 3860 990 3912 per
1014 3862 1037 3897 5.
1052 3845 1184 3898 741-743
1204 3845 1297 3896 bellum
1322 3859 1377 3895 enm
1403 3845 1545 3898 'l'bracibus

186 3936 268 4000 gessit
292 3935 429 4000 aliquoties
451 3942 615 3985 5555555755
633 3935 738 3997 (Vellei.
753 3935 777 3998 7,
790 3934 836 3998 983
865 3933 960 3983 uterus
974 3933 998 3996 2,
1011 3931 1042 3982 77
1057 3932 1091 3996 [4,
1107 3931 1159 3994 17];
1183 3929 1269 3980 Livius
1293 3929 1422 3995 555.140;
1441 3931 1545 3982 Tacitus

184 4038 241 4072 555.
255 4020 279 4086 6,
296 4021 344 4086 10).
364 4019 388 4070 75
400 4036 454 4071 555
464 4021 609 4086 suscepisse
623 4023 750 4072 57551555
764 4019 844 4069 Dione
856 4017 897 4082 54,
912 4017 945 4067 31
965 4015 995 4068 ἐκ
1009 4019 1175 4086 Παμφυλίας
1195 4002 1227 4081 ἦς
1250 4009 1324 4082 ἦρχε,
1343 4016 1402 4066 iude
1414 4015 1547 4082 77555555-

184 4108 252 4159 57755
283 4107 464 4170 (8755755555.
485 4109 514 4159 1²
533 4123 556 4173 p.
575 4107 639 4168 417)
669 4105 754 4157 effecit
789 4119 845 4154 eum
872 4119 902 4153 eo
931 4111 1045 4169 tempore
1079 4103 1171 4171 Syrias
1202 4100 1352 4168 praefuisse.
1400 4103 1435 4151 At
1464 4119 1545 4168 neque

182 4192 324 4244 Thracibus
349 4193 443 4242 bellum
466 4208 498 4243 ex
519 4192 566 4242 ills
590 4193 694 4254 regione
717 4189 810 4241 inferri
828 4189 912 4256 potuit
931 4204 1025 4254 neque,
1045 4196 1073 4238 nt
1092 4189 1265 4256 l’smpbylism
1283 4189 1369 4238 demus
1387 4194 1440 4238 755
1460 4189 1545 4253 legate

183 4281 273 4350 Syriae
298 4279 430 4347 paruisse,
459 4281 494 4328 ita
518 4293 576 4345 pars
607 4278 699 4340 exigua
727 4293 773 4343 pro
802 4283 857 4326 toto
887 4276 1020 4325 nominari.
1072 4274 1132 4325 Siue
1163 4275 1239 4325 dubio
1266 4289 1356 4325 errore
1383 4274 1440 4326 sive
1467 4276 1546 4327 libra·

183 4367 279 4418 riorum
306 4365 361 4416 sive
388 4363 477 4416 Dionis
505 4364 587 4430 ipsius
617 4361 766 4430 Pamphylia
786 4369 929 4428 permutata
958 4367 998 4412 557
1022 4377 1070 4411 555
1094 4376 1149 4412 555
1173 4360 1284 4423 7755575,
1312 4362 1376 4427 5555
1399 4369 1546 4413 statuerunt

183 4454 229 4504 alii
248 4451 347 4519 (Zippel
366 4455 431 4504 5655.
445 4451 599 4518 7755557577
619 4452 646 4500 fn
659 4446 763 4516 Illyrica
781 4464 803 4514 p.
819 4447 889 4514 746),
908 4463 963 4497 555
976 4462 1005 4498 55
1019 4447 1151 4513 provincia
1165 4454 1255 4514 postea
1267 4447 1364 4500 555555
1378 4447 1446 4501 75575
1457 4449 1546 4502 videa·

181 4547 226 4591 755
246 4555 312 4604 5555,
330 4540 375 4590 555
393 4539 474 4604 magis
492 4553 546 4588 curn
565 4535 696 4588 Pannonia
715 4535 773 4586 sive
792 4542 891 4585 57755
910 4535 1078 4600 loquebantur
1096 4533 1212 4602 illyrico.

285 4627 305 4686 ²)
325 4625 453 4690 Appianas
475 4623 499 4673 b.
519 4641 540 4674 5.
559 4623 584 4686 4,
597 4623 643 4673 bt:
662 4615 777 4672 adobed
796 4623 909 4688 Καῖσαρ
928 4657 976 4670 ...
995 4619 1067 4690 ἱερέα
1086 4634 1114 4670 τε
1132 4615 1216 4677 εὐθὺς
1233 4618 1359 4690 ἀπέφηνε
1376 4621 1423 4672 καὶ
1440 4615 1547 4673 ὕπατον

186 4705 217 4763 od
235 4707 306 4763 πολὺ
326 4703 440 4776 ὕστερον
457 4708 503 4760 καὶ
520 4710 625 4778 Συρίας
643 4703 801 4779 στρατηγόν.
832 4705 1009 4758 (7777555555
1029 4705 1125 4772 6,778.
1155 4704 1269 4756 Τ775755
1283 4707 1546 4773 Arcanumquieius·

186 4799 242 4848 dem
260 4796 399 4860 legationis
418 4795 533 4847 meminit
550 4795 599 4845 755
619 4801 721 4846 5555757
739 4793 862 4845 65775755
880 4809 937 4844 esse
950 4791 986 4855 (C.
999 4791 1017 4846 l.
1031 4793 1059 4843 t..
1071 4791 1097 4843 X
1110 4809 1134 4842 u.
1150 4791 1237 4854 7174*).
1251 4819 1284 4828 -
1296 4791 1363 4844 7555
1381 4792 1545 4857 proconsule

187 4883 273 4936 Asiam
292 4881 404 4934 obtinuit
421 4879 527 4946 (Seneca
545 4896 611 4932 suas.
632 4883 656 4945 7,
671 4881 715 4946 73;
734 4877 766 4932 cf.
786 4879 958 4942 Waddington
976 4879 1061 4945 saetae
1077 4877 1122 4930 dea
1138 4891 1207 4946 prou.
1226 4879 1367 4944 5575175555
1385 4894 1407 4942 p.
1426 4877 1495 4940 684).
