3812 5580
341 417 404 482 150
930 413 976 481 ur,
999 415 1103 468 us-ue

340 605 437 656 menta
472 595 544 656 baec
576 595 682 656 domus
709 594 873 672 Augustae,
907 613 981 672 quae
1015 594 1151 674 deinceps
1178 601 1318 674 perpetua
1344 605 1517 658 manserunt
1545 605 1696 676 tamquam

339 699 441 760 Palatii
463 697 598 777 insignia,
621 697 730 778 passim
753 695 958 776 memoraut¹).
1001 696 1044 758 bd
1060 716 1197 758 coronam
1214 702 1441 778 supermanant,
1464 693 1615 782 ὑπεράνω
1638 698 1698 762 τοῦ

339 801 491 874 πυλῶνος
513 803 610 874 tinam,
634 811 668 862 ut
689 799 730 861 ait
752 799 887 880 princeps
909 799 981 879 ipse,
1005 800 1232 880 collocatamque
1254 800 1294 862 ita
1309 801 1340 862 in
1356 802 1461 864 domus
1477 803 1592 883 fastigio
1609 804 1699 877 (Suc-

340 905 438 967 tonius
461 906 560 968 Claud.
586 906 643 980 173
676 905 785 967 Seneca
813 902 848 963 de
874 903 958 964 clem.
990 905 1016 976 1,
1033 903 1084 977 26,
1101 905 1132 982 5)
1163 905 1327 966 rettulerim
1355 907 1482 985 aquilam
1513 907 1543 968 iu
1572 925 1698 968 nummo

339 1029 364 1071 a.
382 1009 442 1070 727
466 1009 493 1071 ei
515 1027 640 1071 coronae
661 1007 857 1068 insistentem.
887 1006 961 1068 Nam
984 1007 1134 1086 fastigium
1158 1007 1218 1069 sive
1240 1017 1363 1082 aemma,
1386 1029 1445 1090 quo
1467 1010 1553 1072 aedes
1574 1010 1698 1072 deorum

339 1132 355 1174 6
378 1113 498 1194 privatis
520 1111 783 1192 distinguebantur,
807 1118 841 1171 ut
856 1111 970 1172 Caesari
997 1111 1046 1190 (cl.
1069 1111 1221 1174 Drumanu
1244 1111 1273 1185 3,
1289 1113 1351 1174 666
1374 1131 1403 1174 6.
1428 1112 1491 1189 33),
1514 1113 1553 1175 116
1575 1113 1698 1175 omuino

339 1216 472 1296 Augusto
495 1233 611 1295 quoque
634 1212 784 1275 decretum
807 1222 902 1275 estet
924 1217 1048 1276 sortasse
1073 1213 1162 1276 simul
1182 1233 1250 1277 cum
1271 1234 1387 1290 corona,
1411 1217 1565 1297 potuitque
1584 1225 1699 1279 aetoma

339 1320 371 1380 iu
392 1337 517 1381 nummo
539 1327 618 1380 recte
641 1317 852 1398 repraesentari
874 1336 926 1397 per
948 1317 1085 1398 aquilam.
1122 1316 1349 1399 Inscriptiouem
1371 1328 1470 1380 eutem
1492 1319 1525 1381 ob
1549 1322 1700 1381 61616666-

340 1433 421 1486 votos
453 1441 519 1483 6666
552 1423 658 1483 lectam
690 1439 755 1482 esse
787 1421 867 1482 iuxta
895 1421 939 1482 661
968 1420 1068 1501 potius
1094 1420 1171 1482 intra
1200 1438 1338 1483 coronam
1365 1430 1455 1484 testes
1484 1431 1555 1484 suut
1583 1432 1701 1504 praeter

340 1545 480 1588 nummos
497 1524 619 1587 Ovidius
642 1523 718 1586 trist.
742 1523 770 1597 3,
789 1525 816 1598 1,
832 1525 886 1585 47:
911 1544 996 1586 sousa
1017 1529 1209 1606 superpositae
1224 1530 1326 1606 scripto
1342 1535 1443 1588 testula
1457 1525 1512 1605 (sic
1528 1526 1698 1600 deteriores,

340 1639 458 1691 testuute
479 1627 546 1689 libri
568 1627 651 1706 boni)
671 1644 790 1690 coronae
805 1638 931 1690 66666166
946 1633 1019 1691 ciues
1033 1630 1142 1690 iudicat
1156 1629 1241 1690 buius
1256 1648 1306 1709 ope
1321 1639 1351 1691 et
1365 1629 1494 1691 Valerius
1510 1629 1653 1691 Maximus
1669 1629 1699 1702 2,

341 1731 371 1805 8,
388 1733 422 1792 7:
446 1732 484 1792 od
505 1749 640 1812 quercum
658 1748 771 1810 proauo
791 1751 896 1792 monus
913 1736 1113 1812 porriguntur,
1137 1733 1188 1794 661
1207 1734 1240 1794 ob
1256 1737 1327 1795 61666
1341 1744 1466 1796 seruatos
1482 1750 1586 1795 sermm
1602 1734 1701 1795 duodo

342 1847 389 1908 est,
413 1855 470 1918 quo
488 1845 581 1916 postes
602 1835 744 1915 Augustos
767 1835 866 1896 domus
880 1839 1052 1916 sempiterno
1064 1836 1156 1916 glorio
1173 1837 1358 1916 triumpbuut.
1375 1870 1417 1880 -
1432 1835 1534 1898 Lauris
1549 1837 1700 1916 quomodo

343 1940 450 2000 domus
465 1946 566 2000 ornata
582 1937 629 2012 611,
653 1936 813 2018 quaeritur,
832 1937 942 2001 scilicet
957 1947 1058 2001 utrum
1075 1939 1190 2001 corollis
1206 1939 1312 2001 laureis
1327 1947 1428 2020 postes
1444 1941 1575 2002 exornati
1589 1939 1702 2001 luerint

341 2061 379 2104 66
400 2042 519 2104 arbores
542 2043 617 2104 duae
639 2040 674 2102 ad
691 2041 765 2102 duos
780 2050 879 2121 postes
900 2043 1049 2118 steterint3
1071 2042 1101 2104 id
1116 2043 1195 2122 quod
1210 2043 1299 2105 etiam
1315 2043 1498 2124 pervenitad
1513 2044 1601 2106 666166
1616 2063 1701 2106 com-

341 2145 477 2208 mentarii
491 2144 669 2225 explicanda.
692 2143 764 2204 Nam
780 2147 940 2223 quaeritur,
961 2146 1039 2226 quod
1055 2147 1229 2208 vocabulum
1245 2147 1281 2209 ad
1294 2157 1387 2227 postes
1402 2147 1581 2227 adscriptum
1597 2149 1703 2222 luerit3

341 2251 430 2312 661611
449 2249 582 2330 priorum
605 2248 651 2308 661
671 2247 800 2308 umbrati
813 2248 968 2310 Caredonii
991 2269 1169 2330 quamquam
1194 2249 1240 2310 616
1263 2251 1314 2312 6111
1330 2251 1387 2311 iam
1404 2251 1616 2331 probabuntur,
1642 2260 1701 2312 tam

341 2354 455 2432 611666),
486 2351 564 2432 quod
594 2370 647 2431 ego
675 2350 828 2431 proposui,
859 2371 947 2430 quam
978 2353 1100 2430 o[ostits],
1128 2353 1207 2432 quod
1230 2353 1354 2432 Bergkio
1376 2353 1502 2432 placuit,
1529 2353 1565 2414 ab
1588 2354 1703 2433 egregia

341 2455 467 2536 Augusti
494 2455 679 2536 simplicitate
701 2453 883 2534 aliquantum
907 2454 1058 2529 6161666661,
1085 2457 1181 2537 aptius
1205 2465 1303 2518 tamen
1326 2457 1404 2536 quod
1427 2465 1505 2518 esset
1526 2456 1703 2518 vocabulum

342 2563 450 2622 frustra
473 2557 611 2638 quaesivi.
655 2557 765 2619 lleiude
791 2557 855 2619 iure
878 2558 1006 2620 dubitari
1033 2567 1144 2639 potest,
1173 2569 1274 2620 utrum
1305 2561 1411 2621 laureis
1436 2579 1452 2620 6
1479 2560 1577 2621 166666
1605 2559 1703 2620 sitan

342 2682 358 2724 6
381 2664 482 2736 16666,
510 2661 649 2742 quoniam
671 2661 821 2740 Augustus
844 2680 910 2723 raro
932 2659 1065 2746 quidem,
1096 2663 1147 2724 sed
1175 2671 1273 2724 tamen
1296 2661 1450 2742 aliquoties
1472 2661 1631 2723 ablativum
1655 2680 1704 2721 se-

343 2767 454 2829 cundae
484 2768 513 2829 iu
545 2771 584 2828 eis
610 2765 755 2826 formavit.
799 2764 836 2827 Et
863 2773 960 2846 potest
988 2765 1106 2845 quidem
1135 2765 1226 2827 videri
1248 2764 1340 2846 priori
1362 2765 1492 2845 opinioni
1515 2763 1703 2845 patrocinari,

324 2871 421 2951 *quod
444 2870 563 2950 antiqua
585 2867 799 2931 cousuetudine
821 2867 947 2929 Romani
969 2869 1051 2929 lestis
1073 2867 1176 2929 diebus
1198 2869 1315 2931 aedium
1339 2877 1438 2949 postes
1460 2868 1543 2930 lauro
1559 2869 1705 2930 ornabant

342 2976 518 3055 laurumque
545 2992 633 3054 super
663 2973 779 3034 ianuam
803 2971 983 3033 collocabant
1005 2972 1160 3046 (luvenalis
1188 2973 1217 3045 6,
1235 2973 1290 3034 52:
1312 2983 1389 3035 66616
1411 2990 1547 3034 eoronam
1566 2973 1703 3054 postibus

343 3079 373 3152 6,
390 3079 444 3141 79:
467 3087 607 3141 ornentur
626 3085 718 3156 postes
739 3086 765 3137 et
777 3077 887 3155 proudi
898 3080 988 3137 16666
1004 3075 1096 3137 lauro.
1133 3076 1182 3149 10,
1199 3076 1249 3136 65.
1275 3076 1322 3151 12,
1339 3077 1395 3152 91;
1425 3075 1544 3138 Tacitus
1566 3095 1634 3137 auu.
1654 3076 1704 3148 15,

344 3184 382 3242 71
407 3181 471 3261 61.);
501 3180 552 3242 666
579 3179 657 3242 61166
686 3188 730 3241 661
760 3178 845 3240 66666
867 3181 942 3240 16616
965 3178 1011 3240 616
1034 3197 1153 3253 666666,
1182 3179 1260 3241 61166
1281 3181 1313 3241 16
1347 3189 1533 3262 perpetuum.
1581 3178 1705 3241 Nummi

344 3303 503 3364 numquam
542 3293 641 3364 postes
680 3281 766 3344 sertis
802 3292 919 3344 ornatos
952 3281 1127 3356 ostendunt,
1165 3283 1216 3345 666
1247 3302 1346 3345 ramos
1380 3281 1535 3344 arboresve
1568 3282 1705 3363 pingunt,

345 3407 491 3468 nusquam
524 3395 622 3448 tamen
649 3384 753 3448 infixas
781 3386 898 3447 vasculo
926 3386 971 3446 661
1003 3386 1081 3460 6616,
1110 3394 1143 3447 61
1176 3386 1329 3448 616666166
1357 3387 1431 3448 duae
1453 3386 1572 3448 arbores
1596 3385 1705 3448 utrim-

345 3512 401 3572 que
424 3491 460 3553 ad
483 3491 601 3552 ianuam
624 3489 740 3551 stetisse
762 3489 871 3550 6661666
893 3497 923 3550 61
945 3489 1069 3551 subinde
1092 3488 1258 3551 mutandae.
1296 3489 1390 3552 Etiam
1411 3490 1490 3569 quod
1505 3489 1705 3551 Tertullianus

345 3596 456 3676 apolog.
481 3595 521 3656 35
551 3593 586 3655 de
609 3593 762 3656 Commodi
789 3611 860 3654 nece
888 3611 977 3672 agens
1005 3593 1081 3654 iutra
1103 3592 1248 3655 Palatium
1272 3593 1361 3655 occisi
1383 3593 1419 3654 66
1441 3593 1478 3655 116
1500 3592 1630 3673 loquitur
1656 3596 1708 3673 qui

344 3703 418 3760 tuter
453 3699 525 3760 duos
560 3696 662 3758 166666
695 3696 821 3758 obsident
849 3695 1014 3769 Caesarem,
1046 3697 1191 3758 secundae
1224 3695 1385 3758 sententiae
1418 3695 1524 3756 melius
1558 3695 1705 3768 66666611,

345 3803 481 3882 idemque
503 3801 578 3863 valet
599 3799 635 3860 de
657 3808 811 3880 poetarum
835 3798 931 3872 dictis,
955 3807 987 3860 ut
1003 3797 1098 3860 Ovidii
1113 3801 1179 3860 1661.
1201 3801 1230 3872 4,
1252 3799 1330 3860 953:
1353 3809 1422 3860 stote
1438 3798 1585 3862 Palatium
1600 3800 1707 3862 166666

342 3915 547 3986 proeteutoque
568 3922 674 3984 quercu
695 3903 866 3964 studemus
888 3911 917 3964 et
940 3910 1058 3964 metam.
1077 3904 1104 3975 1,
1128 3901 1190 3964 562
1212 3903 1328 3963 laurum
1351 3901 1550 3982 adloquentis:
1576 3905 1706 3984 postibus

345 4011 478 4089 Artpustis
499 4007 597 4070 eodem
617 4007 755 4088 fidissimo
778 4017 869 4068 custos
892 4017 956 4070 oute
978 4009 1057 4086 fores
1077 4007 1164 4068 stabis
1185 4008 1363 4087 mediumque
1385 4007 1498 4069 tuebere
1521 4027 1654 4089 quercum
1675 4019 1706 4072 et

347 4112 472 4173 manime
495 4111 571 4172 trist.
595 4110 624 4183 3,
647 4112 674 4184 1,
696 4109 750 4172 39:
779 4129 831 4172 cur
860 4109 955 4172 tumen
984 4115 1110 4190 opposito
1131 4111 1244 4172 velatur
1265 4114 1354 4172 16666
1377 4109 1472 4182 16666,
1495 4114 1577 4192 cingit
1598 4112 1706 4191 (immo

345 4219 444 4297 166911,
467 4224 501 4276 61
522 4213 647 4276 66616611
661 4213 807 4293 Hauptius
831 4233 931 4294 opusc.
950 4215 977 4286 1,
1003 4212 1075 4289 125)
1099 4223 1125 4275 61
1139 4214 1282 4293 Augustus
1304 4213 1393 4274 orbor
1415 4231 1503 4294 opaca
1526 4213 1641 4278 comus?
1663 4251 1706 4262 -

346 4319 453 4381 Eadem
477 4317 598 4379 omuino
613 4318 745 4397 quaestio
760 4317 836 4378 redit
851 4317 886 4378 de
902 4316 989 4396 regia,
1012 4316 1097 4379 cuius
1112 4317 1229 4378 ianuam
1246 4325 1350 4378 uotum
1365 4326 1411 4378 est
1425 4317 1454 4377 k.
1470 4316 1581 4379 Martiis
1598 4319 1707 4380 unius-

346 4422 490 4501 cuiusque
512 4421 581 4482 anui
596 4421 685 4483 lauris
701 4421 849 4483 veteribus
864 4419 986 4482 sublatis
1002 4419 1086 4482 novis
1102 4431 1234 4482 ornatam
1251 4439 1315 4482 esse
1332 4418 1466 4496 (Ovidius
1481 4423 1547 4483 last
1565 4421 1594 4496 3,
1619 4422 1705 4505 137).

445 4673 465 4738 1)
484 4673 521 4725 Cl.
534 4671 671 4724 Suetonius
685 4670 741 4723 Tib.
754 4671 795 4734 26,
815 4671 948 4724 Claudii
967 4687 1079 4739 quaeque
1096 4671 1205 4736 collegit
1221 4671 1354 4723 1161666666
1373 4672 1404 4722 66
1423 4671 1510 4722 1116616
1530 4672 1610 4724 rerba
1626 4689 1708 4741 supra

347 4761 435 4812 citata.
469 4759 553 4812 Etiam
576 4759 602 4810 iu
625 4759 708 4809 161666
731 4758 831 4825 postico
853 4757 937 4820 tituli,
964 4773 1037 4822 quem
1059 4755 1131 4809 Remi
1153 4757 1250 4810 Neroni
1274 4758 1458 4810 dedicaverunt
1478 4759 1623 4823 tllrumbueb
1645 4759 1706 4814 c.1.

346 4846 507 4911 61666161),
525 4845 641 4898 cernitur
660 4860 754 4896 corona
771 4858 867 4911 querna
884 4859 939 4894 cum
958 4844 1124 4910 inscriptione
1142 4855 1165 4898 0
1178 4869 1184 4884 ·
1199 4855 1217 4900 c
1230 4869 1237 4884 ·
1251 4856 1285 4912 s.,
1303 4847 1377 4897 modo
1396 4862 1427 4898 66
1446 4845 1482 4897 611
1498 4845 1665 4911 interpolata.
