3812 5580
660 495 816 553 TITVLVS
834 496 1058 554 uIBVRTIst
1475 507 1536 569 177

181 681 385 753 praeterquam
401 675 479 754 quod
495 674 641 737 Herodem
659 675 734 737 male
749 675 880 750 adscivit,
903 697 937 738 ec
953 679 1015 740 solo
1037 678 1158 740 nomine
1180 679 1296 755 errarit,
1319 681 1399 761 quod
1415 700 1536 745 censum

181 795 217 836 ex
238 776 364 848 Quirinii
387 777 642 840 administratione
663 779 825 859 posteriore
848 781 999 843 transtulit
1021 781 1051 842 iu
1073 781 1214 862 priorem.

264 879 311 940 lv.
345 878 427 941 lliem
449 880 523 943 obiit
536 880 688 954 Quirinius
711 889 786 943 teste
806 881 906 944 Tacito
928 884 1010 965 (ann.
1027 883 1056 958 3,
1074 885 1129 964 48)
1151 886 1332 966 grandaevus
1354 905 1380 948 a.
1394 907 1460 949 uc.
1477 888 1539 950 774

181 980 241 1042 sive
263 1000 292 1062 p.
316 980 383 1042 Chr.
407 982 445 1043 21
469 983 568 1062 itaque
589 984 723 1064 Augusto
746 986 916 1065 supervixit.

281 1084 466 1166 Quapropter
487 1095 628 1166 quattuor
649 1086 705 1148 illis
729 1087 806 1149 tituli
821 1089 968 1152 Tiburtini
990 1090 1108 1154 indiciis
1130 1110 1198 1154 cum
1215 1092 1320 1172 reliqui
1336 1093 1438 1175 Syriae
1452 1095 1539 1174 legali

181 1187 231 1266 qui
259 1189 377 1268 quidem
408 1189 470 1250 noti
499 1189 557 1251 siut
584 1190 776 1252 excludantur
798 1211 915 1266 omnes,
944 1194 979 1256 de
1002 1193 1064 1255 solo
1087 1203 1184 1257 autem
1208 1195 1343 1268 Quirinio
1366 1215 1425 1257 non
1451 1198 1539 1259 modo

181 1290 254 1350 nihil
281 1292 427 1366 tradatur,
458 1293 536 1372 quod
564 1312 631 1354 cum
661 1293 747 1355 titulo
776 1313 835 1357 non
864 1305 941 1358 recte
963 1296 1149 1372 concilietur,
1177 1298 1339 1361 sedetiam
1364 1299 1540 1363 conveniant

181 1393 211 1454 in
234 1414 303 1456 eum
325 1395 396 1476 ipsis
411 1396 584 1458 adversariis
600 1398 759 1459 latentibus
775 1407 948 1460 ornamenta
964 1399 1161 1480 triumphalia,
1185 1418 1265 1462 mors
1280 1411 1349 1482 post
1363 1403 1540 1482 Augustum,

182 1489 316 1576 denique'
339 1499 417 1578 quod
452 1498 613 1560 maximum
645 1509 691 1562 est
717 1501 816 1582 Syriae
844 1502 949 1580 legatio
977 1502 1102 1583 duplex,
1136 1523 1210 1583 quae
1241 1513 1357 1585 praeter
1385 1504 1464 1566 bunc
1491 1505 1539 1566 alii

181 1599 255 1660 nulli
281 1601 340 1662 ullo
367 1609 500 1682 tempore
522 1601 638 1664 videtur
660 1603 808 1683 obtigisse,
835 1603 961 1684 elogium
984 1605 1174 1686 probabiliter
1196 1606 1238 1668 sie
1259 1607 1536 1687 redintegrabimns,

181 1701 272 1780 patris
294 1701 421 1774 Quirinii
442 1703 633 1784 praenomine
655 1705 766 1768 adscito
789 1725 825 1768 ex
846 1707 930 1769 lastis
953 1707 1054 1770 llionis
1077 1707 1393 1792 (e.1.t.1p.547y:

320 2343 421 2410 legetur
460 2358 501 2412 pr.
542 2361 584 2412 pr.
634 2343 690 2396 diua·
732 2349 838 2412 magneta*
886 2350 985 2414 syriam
1027 2352 1053 2398 et
1095 2351 1230 2417 phoenr'cen
1284 2353 1403 2420 optinens

319 2454 411 2508 tetram
560 2460 643 2525 gessit
799 2475 858 2509 oum
1008 2463 1085 2526 gente
1235 2463 1405 2516 homenadm·

320 2573 389 2621 er'um
611 2587 675 2638 puae
893 2571 1058 2635 interfecerat
1269 2545 1405 2643 amyntam

327 2685 437 2728 νΕοΕΜ
454 2698 462 2715 ·
478 2685 553 2741 QVA
568 2697 577 2715 ·
593 2686 768 2729 REDACTA
785 2698 791 2712 ·
809 2686 844 2727 tu
860 2698 868 2713 ·
885 2677 1062 2728 Ponertatem
1211 2680 1272 2747 imp.
1290 2681 1404 2731 eueran'e

324 2797 491 2840 svcvsrr
508 2810 516 2827 ·
532 2784 746 2854 rorvrlcve
763 2813 769 2828 ·
786 2797 936 2842 nonnus
953 2812 961 2828 ·
978 2799 1137 2841 seuerus
1153 2788 1195 2841 dis
1216 2790 1406 2844 immortaliora

325 2899 1406 2974 svrrnrcnrrouss·eluns·0e·nes·raosrersetecgestaeet

332 3030 399 3072 rrsr
465 3043 472 3059 ·
537 3031 770 3074 cananense
836 3044 844 3060 ·
909 3021 1130 3074 rrrvnrnatu
1209 3020 1321 3072 decrevist

300 3145 372 3188 ruo
395 3144 565 3189 ·cousvn
580 3160 587 3175 ·
604 3148 719 3190 estere
734 3159 742 3176 ·
759 3147 1003 3190 Provinciam
1019 3172 1027 3188 .
1043 3138 1172 3189 ornauit
1188 3135 1290 3201 legatur
1306 3151 1347 3204 pr.
1364 3153 1404 3205 pr.

325 3241 435 3301 nlvl·
461 3258 627 3302 nvcvsrr
654 3249 790 3302 ahenvu
813 3272 819 3288 ·
844 3259 984 3303 surram
1008 3271 1015 3287 ·
1039 3259 1079 3300 er
1100 3273 1107 3289 ·
1129 3249 1270 3300 rumicen
1298 3249 1408 3314 optinuit

283 3447 326 3508 lta
353 3447 505 3520 Quirinius
531 3458 599 3529 post
625 3459 758 3531 peractos
787 3450 889 3513 ordine
918 3449 1047 3511 minores
1077 3449 1205 3510 honores
1233 3447 1432 3528 (losepb.18,
1455 3449 1487 3521 l,
1511 3448 1543 3528 1)

185 3550 349 3629 praetorius
379 3570 432 3632 pro
462 3553 582 3613 consule
605 3553 733 3633 Cyprum
762 3561 792 3614 et
814 3554 941 3634 Cyrenas
969 3551 1185 3614 administravit
1208 3559 1238 3612 et
1258 3551 1289 3611 in
1312 3569 1346 3612 eo
1370 3551 1542 3630 magistratu

184 3652 373 3715 Marmaridas
401 3663 431 3716 et
453 3655 648 3717 Garamantes
677 3655 800 3717 domuit.
844 3655 953 3717 Deinde
975 3675 1000 3716 a.
1018 3652 1079 3715 742
1108 3654 1212 3714 consul
1234 3655 1330 3714 lactus
1353 3661 1406 3714 est.
1451 3653 1544 3733 Lega-

185 3765 233 3817 tus
255 3755 378 3836 Augusti
400 3776 454 3837 pro
476 3765 610 3837 praetore
634 3758 733 3838 Syriae
755 3766 784 3820 et
806 3758 967 3820 Phoenices
989 3777 1014 3818 a.
1038 3759 1109 3819 751.
1132 3756 1193 3818 752
1215 3755 1489 3817 llonronadensibus
1512 3756 1543 3817 in

183 3857 291 3920 Pisidia
313 3859 397 3920 victis
420 3860 493 3922 duas
515 3861 743 3942 supplicationes
771 3868 802 3921 et
824 3868 995 3921 cmamenta
1018 3858 1206 3939 triumphalia
1231 3857 1347 3919 meruit.
1391 3855 1449 3917 Pro
1471 3874 1544 3918 con-

187 3961 250 4022 sule
272 3960 370 4023 hsiam
394 3961 523 4023 obtinuit
543 3971 595 4024 aut
616 3982 642 4023 a.
658 3961 719 4023 753
742 3969 794 4023 aut
816 3962 914 4043 potlus
936 3981 990 4042 per
1004 3982 1029 4023 a.
1047 3959 1229 4032 755-758;
1251 3959 1400 4040 probabile
1415 3967 1460 4020 est
1474 3977 1544 4019 eum

183 4082 218 4124 eo
246 4063 370 4125 missum
400 4083 474 4137 esse,
498 4072 532 4125 ut
553 4066 793 4144 proconsulatum
817 4065 912 4126 obiret
934 4083 987 4144 per
1008 4082 1034 4126 a.
1051 4061 1145 4130 'lbblb
1167 4071 1198 4126 ct
1219 4064 1248 4124 iu
1271 4063 1375 4124 itinere
1391 4061 1541 4123 Tiberium

184 4166 281 4228 Rhodi
303 4167 437 4228 coluisse.
475 4165 557 4227 Circa
572 4185 597 4228 a.
617 4168 786 4228 755-757
809 4167 962 4229 Aemiliam
986 4166 1124 4248 Lepidam
1147 4184 1268 4228 uxorem
1292 4164 1384 4236 duxit,
1407 4163 1455 4226 cui
1475 4182 1544 4226 mor

185 4269 340 4349 repudium
370 4268 451 4331 misit
474 4268 510 4330 ob
533 4279 651 4350 partum
676 4269 863 4350 suppositum
886 4270 967 4349 (Tac.
988 4288 1056 4330 ann.
1078 4269 1107 4342 3,
1129 4269 1179 4330 22.
1202 4268 1260 4342 233
1293 4269 1373 4330 Suet.
1396 4266 1460 4328 Tib.
1481 4267 1544 4342 49).

187 4371 221 4431 Α.
238 4371 299 4433 756
322 4390 376 4452 pro
398 4379 512 4434 rectore
535 4391 603 4433 cum
626 4371 657 4432 C.
674 4370 795 4433 Caesare
821 4371 852 4432 iu
874 4370 1012 4433 Armenia
1034 4373 1099 4434 luit.
1129 4373 1172 4434 Ex
1194 4391 1220 4433 5.
1237 4369 1299 4433 759
1320 4369 1428 4431 iterum
1446 4367 1546 4449 Syriae

183 4483 283 4554 egatus
310 4475 445 4554 praefuit
489 4476 522 4536 Α.
545 4474 606 4537 769
633 4473 664 4534 iu
705 4472 777 4535 urbe
807 4473 863 4534 luit
892 4481 922 4534 et
946 4492 1000 4554 per
1027 4493 1095 4536 eum
1123 4474 1160 4535 ld.
1182 4475 1296 4535 Drusus
1324 4472 1396 4534 Libo
1422 4471 1545 4553 propin-

185 4595 262 4656 quus
289 4577 317 4638 ei
344 4580 408 4658 (per
435 4596 556 4640 uxorem
585 4575 742 4657 Lepidam,
771 4595 797 4636 r.
819 4580 891 4638 rdm.
915 4576 1096 4638 Mdozrceeere
1122 4595 1150 4656 p.
1167 4575 1228 4637 633
1251 4595 1281 4636 n.
1303 4575 1378 4652 484)
1401 4582 1546 4636 extremas

185 4698 288 4760 preces
316 4680 351 4740 ad
374 4680 535 4760 principem
560 4679 708 4742 mandavit
730 4679 810 4755 (Tac.
831 4697 898 4740 aun.
920 4679 949 4752 2,
971 4678 1034 4756 30).
1078 4677 1152 4739 ltem
1175 4698 1201 4738 a.
1218 4677 1278 4739 773
1302 4675 1437 4738 interluit
1458 4695 1546 4738 accu-

185 4781 291 4844 sationi
307 4782 433 4862 Lepidae
455 4782 604 4863 quoudam
628 4781 728 4843 uxoris
750 4791 870 4863 propter
893 4780 1004 4842 crimen
1027 4779 1098 4841 illud
1121 4780 1190 4841 olim
1213 4781 1407 4841 commissum
1431 4779 1510 4855 (Tae.
1526 4779 1544 4839 l.

185 4904 228 4958 ας
259 4887 340 4946 Suet.
356 4885 375 4945 l.
391 4884 440 4963 e).
486 4887 582 4948 Senex
608 4904 634 4947 5.
658 4887 719 4946 774
747 4884 824 4945 diem
853 4883 927 4945 obiit
953 4891 984 4944 et
1005 4881 1121 4962 publice
1148 4882 1241 4944 elatus
1263 4889 1309 4944 est
1330 4880 1410 4962 (Tac.
1431 4897 1499 4941 ann.
1516 4879 1545 4952 3,

1355 4982 1387 5035 12
