3796 5588
1520 425 1587 480 XIX

239 593 362 667 (undam
379 606 590 668 Germanorum
614 605 664 684 qui
687 604 828 666 adiissent
848 607 991 687 Ancyram
1015 627 1039 668 a.
1058 606 1139 668 1586
1155 606 1380 686 exemplumque
1396 605 1473 668 tituli
1496 605 1587 666 obtu-

239 709 340 770 lissent
363 708 537 771 Leunclario
560 709 657 771 minus
672 710 819 790 integrum
831 709 1019 772 Verantiano:
1043 714 1285 789 ‘corrumpuntur
1299 708 1377 769 enim
1395 709 1446 786 (ita
1459 707 1586 776 Clusius)

238 811 366 890 quotidie
395 811 560 874 tabularum
589 812 769 874 characteres
792 811 953 874 Tuscorum
982 811 1108 874 militurn
1131 811 1296 886 insolentia,
1325 811 1495 892 praesertim
1519 829 1586 872 cum

238 914 418 977 Christianos
449 935 497 977 eas
525 915 730 996 inscriptiones
757 915 890 996 excipere
916 915 1115 996 conspiciunt,
1141 916 1218 996 quod
1251 913 1327 978 binis
1356 914 1412 978 illis
1440 913 1588 976 nobilibus

238 1017 391 1079 Germanis
414 1018 537 1082 accidit!
572 1018 632 1081 llas
655 1039 749 1100 nugae
771 1029 855 1093 sunt;
878 1037 946 1082 nam
969 1038 1004 1080 ex
1025 1017 1061 1080 iis
1083 1038 1157 1098 quae
1172 1020 1208 1081 de
1224 1017 1357 1098 exemplo
1373 1018 1586 1079 Germanorum

237 1121 353 1182 illorum
370 1121 486 1184 Clusius
509 1123 601 1196 allert,
624 1121 802 1202 intellegitur
823 1143 874 1184 eos
896 1141 956 1184 non
977 1121 1102 1202 lapidem
1126 1122 1324 1203 descripsisse,
1347 1121 1397 1182 sed
1420 1121 1587 1201 exemplum

238 1223 474 1304 Busbequianum
501 1225 641 1288 obtulisse
665 1225 847 1288 Leunclario.
871 1261 912 1270 -
935 1226 1077 1289 Gruterus
1099 1224 1266 1287 tuo-233
1289 1225 1319 1286 in
1342 1224 1420 1286 ed.1
1446 1223 1590 1305 expressit

238 1325 381 1407 lipsium.

337 1466 369 1546 6)
397 1466 562 1528 leunclavii
589 1467 618 1528 in
641 1467 792 1547 pandectis
814 1468 882 1531 hist.
906 1468 991 1530 Turc
1016 1467 1213 1547 (Francolurti
1238 1465 1333 1547 1588)
1354 1484 1383 1548 p.
1399 1465 1461 1529 205
1474 1485 1517 1546 sq.
1561 1466 1589 1528 ls

237 1569 402 1648 exemplum
425 1579 576 1651 acceptum
600 1574 689 1634 refert
710 1572 812 1635 Carolo
834 1573 933 1635 Clusio
955 1580 985 1634 et
1005 1591 1059 1652 per
1080 1571 1160 1633 hunc
1181 1572 1309 1633 Antonio
1331 1571 1477 1633 Verantio.

338 1707 371 1786 t)
402 1707 472 1770 Cod.
489 1708 638 1772 Leidensis
660 1711 898 1774 Burmannianus
921 1711 946 1784 Q
969 1711 987 1772 6
1016 1711 1092 1772 idern
1117 1711 1282 1792 exemplum
1305 1710 1424 1772 exhibet
1446 1710 1498 1771 ‘ah
1520 1709 1587 1771 snt.

238 1811 401 1891 Augustino
434 1831 460 1872 v.
482 1835 508 1875 c.
535 1815 670 1876 nonnihil
698 1814 918 1878 instauratum’.
970 1813 1124 1894 specimen
1151 1813 1275 1896 apposui
1296 1833 1331 1874 ex
1353 1811 1457 1894 pagina
1478 1811 1589 1892 prima:

237 1917 319 1994 dem]
335 1937 359 1997 p.
375 1917 479 1997 [publ]
492 1917 531 1979 M.
549 1919 682 1996 [Antonii]
697 1919 889 1998 facinoribus]
904 1935 1065 1998 oppressum
1079 1922 1110 1980 io
1126 1919 1280 1981 libertatem
1297 1918 1448 1989 vindicavi,
1474 1915 1588 1994 [petere]

239 2019 353 2081 decretis
373 2021 536 2100 donom'ficr's
557 2021 686 2084 orda’rrem
709 2027 863 2098 [sommum
880 2021 1016 2104 permisel.

336 2158 475 2241 Exempla
497 2161 699 2241 Busbequiana
725 2181 863 2225 versuum
887 2163 1020 2228 ordinem
1044 2181 1104 2224 non
1127 2160 1256 2223 retinent
1278 2158 1347 2239 (nisi
1370 2158 1449 2238 quod
1471 2156 1589 2218 Belsum

237 2260 267 2322 in
290 2263 394 2341 pagina
417 2264 501 2326 tertia
523 2284 626 2328 versus
648 2265 817 2328 distinxisse
839 2266 923 2328 lineis
946 2266 1033 2329 rectis
1056 2275 1086 2326 et
1108 2263 1276 2328 subnotatio
1299 2261 1384 2324 docet
1405 2270 1435 2323 et
1456 2279 1529 2340 quas
1555 2279 1590 2320 es

237 2361 322 2424 lincis
355 2365 411 2426 illis
445 2367 609 2446 relinquere
641 2367 750 2448 placuit
779 2368 910 2450 librario)
940 2370 1134 2448 videnturque
1165 2365 1341 2428 descendere
1369 2365 1406 2427 ab
1434 2365 1590 2444 archetypo

238 2467 412 2530 minusculis
433 2470 559 2552 scripto;
583 2481 660 2534 certe
675 2463 778 2535 Belsus
803 2474 909 2546 ‘octo',
932 2473 1036 2554 inquit,
1060 2473 1172 2532 ‘omnia
1190 2471 1259 2532 doec
1274 2473 1413 2550 utrimque
1427 2467 1591 2530 maiusculis

236 2570 324 2648 suase
354 2584 476 2636 coarcto
503 2573 603 2638 lateris
632 2586 659 2637 et
686 2576 787 2658 uds'pue
806 2577 951 2657 punctulis
972 2578 1127 2640 intersertis
1147 2584 1210 2655 post
1230 2574 1326 2635 verbo
1356 2591 1378 2634 ο
1402 2589 1468 2634 cere
1489 2571 1592 2650 udipue

234 2692 337 2753 parvo,
359 2695 378 2736 τ
399 2687 495 2739 auton
516 2679 616 2759 ubique
637 2698 743 2760 mopso
763 2680 870 2760 suere.’
907 2680 949 2741 llx
972 2680 1062 2743 simili
1083 2687 1152 2740 nota
1172 2676 1304 2758 procedit
1318 2674 1396 2755 quod
1411 2675 1441 2737 in
1457 2672 1591 2753 exemplo

238 2775 375 2840 Clusiano
397 2779 493 2842 littera
515 2800 538 2843 0
560 2800 677 2863 semper
699 2793 742 2845 cst
762 2786 855 2846 lorma
872 2777 1003 2858 minuta:
1018 2804 1026 2844 r
1041 2789 1184 2864 perpetuo
1199 2780 1305 2842 lineam
1322 2777 1443 2851 excedit,
1466 2775 1591 2854 denique

237 2879 350 2942 litterae
372 2883 502 2963 capitum
525 2885 636 2966 primae
665 2906 797 2967 quaeque
820 2907 908 2968 supra
931 2906 1048 2950 versum
1073 2886 1212 2948 eminent.
1257 2884 1366 2945 Eorum
1389 2881 1590 2960 exemplorum

238 3001 305 3044 cum
329 2984 415 3047 hodie
438 2987 547 3050 utilitas
569 2989 617 3050 vix
638 2990 695 3052 ulla
718 2990 765 3064 sit,
788 2991 939 3053 discedant
960 3000 1059 3052 autem
1083 3005 1259 3068 magnopere
1274 3005 1290 3047 a
1306 2983 1475 3047 melioribus
1490 2990 1590 3062 postea

238 3085 331 3160 lactis,
355 3088 463 3168 placuit
485 3110 578 3153 uuum
601 3112 636 3154 ex
659 3093 704 3167 iis,
727 3096 806 3174 quod
830 3093 950 3173 reliquis
973 3093 1070 3173 paullo
1092 3100 1220 3171 praestat
1243 3089 1295 3164 (ita
1311 3087 1339 3162 3,
1363 3087 1414 3148 29.
1437 3085 1477 3148 30
1493 3084 1589 3146 solum

238 3207 305 3251 cum
330 3191 463 3255 Beleiano
485 3207 581 3258 servat
610 3196 747 3260 vocabula
774 3216 919 3260 usssssua
947 3201 1142 3269 consumere),
1177 3193 1287 3256 scilicet
1313 3191 1420 3253 codicis
1443 3188 1592 3250 Vindobo-

238 3293 338 3355 nensis
360 3295 490 3376 priunum
514 3299 611 3372 (nohis
639 3300 690 3379 V),
713 3300 769 3362 hoc
791 3301 855 3362 loco
877 3300 1024 3380 integrum
1047 3298 1183 3361 exhibere
1206 3305 1306 3358 nostra
1328 3312 1414 3356 causa
1430 3292 1467 3354 ad
1481 3291 1590 3352 librum

238 3395 380 3475 scriptum
398 3400 579 3480 recognitum
596 3419 666 3463 cura
682 3403 851 3465 Schneideri
866 3404 902 3466 ah
917 3403 989 3466 actis
1005 3403 1100 3465 musei
1115 3397 1359 3471 vindobonensis,
1381 3395 1491 3458 adiecta
1513 3393 1590 3454 varia

238 3497 362 3561 lectione
384 3501 496 3581 potiore
517 3505 643 3585 exempli
665 3505 795 3568 eiusdem
819 3505 927 3568 codicis
951 3506 1028 3568 tertii
1049 3504 1147 3585 (nobis
1162 3507 1203 3579 o),
1225 3501 1305 3582 quod
1319 3519 1387 3562 cunr
1404 3498 1505 3560 multis
1520 3496 1591 3558 locis

238 3613 353 3681 peccet,
383 3613 481 3666 mmen
509 3605 556 3670 hic
583 3607 641 3669 illic
667 3617 697 3670 et
723 3609 820 3689 ipsum
851 3609 947 3670 solum
977 3627 1078 3670 rerum
1110 3606 1243 3669 servarit
1291 3603 1467 3683 lledegimus
1498 3599 1527 3661 id
1555 3598 1591 3660 ad

238 3704 389 3784 antiquam
411 3727 550 3771 versuum
574 3714 709 3784 formam,
733 3720 766 3773 ut
787 3712 899 3774 lucilius
915 3721 1142 3792 compararetur.
1172 3710 1205 3771 ln
1222 3708 1330 3770 variam
1344 3705 1500 3768 lectionem
1515 3702 1591 3764 infra

238 3809 417 3889 propositam
440 3812 508 3874 inde
529 3833 590 3875 uon
612 3812 698 3876 iutuli
720 3813 777 3876 nisi
799 3815 903 3878 selecta
926 3814 1079 3895 quaedam.
