3812 5580
791 498 838 568 VI,
858 501 963 557 39-43

746 782 913 860 OAPVT
940 786 998 860 IV

259 987 324 1029 aar.
340 969 369 1044 6,
385 989 410 1030 aa
438 941 573 1052 impensa
595 990 613 1053 p
627 1017 762 1032 .......
780 973 819 1050 [in
833 973 1010 1054 spact]uoullo
1023 976 1151 1035 scaenico
1165 985 1191 1035 et
1205 974 1334 1049 micuere]
1356 971 1547 1052 gladiatorum

383 1093 409 1137 ιο
436 1073 535 1157 atione
564 1075 683 1138 uallatas
711 1087 738 1136 et
763 1080 926 1138 amotionis
952 1089 978 1138 et
1004 1077 1549 1158 aeumlach12‘am]etdonatape[a]u-

385 1197 408 1240 ιι
438 1180 485 1240 nia
501 1177 566 1254 ali)
580 1176 585 1257 l
600 1224 1091 1242 ........................
1108 1182 1220 1258 [terpus
1233 1189 1315 1242 motu
1327 1183 1345 1254 ς
1357 1179 1549 1258 incendioque

383 1301 410 1344 aa
436 1280 645 1364 cunsumssptlis]
668 1284 728 1360 a[at
749 1285 864 1360 viritim]
885 1285 992 1360 almicis
1013 1284 1271 1365 sanotloribusque,
1293 1287 1420 1364 qudrum
1444 1301 1549 1344 census

384 1403 409 1446 ta
436 1385 571 1465 explevit,
592 1385 596 1468 Ι
616 1387 882 1465 iu[n]umera[dila]s.
905 1389 924 1461 ξ

228 1503 274 1546 cn.
292 1487 340 1561 19,
366 1507 413 1550 as
441 1485 622 1567 [Aanpivan
646 1486 774 1572 dilala
799 1492 885 1563 θέας
914 1489 969 1552 καὶ
997 1484 1204 1572 μονομάχους
1230 1487 1286 1552 καὶ
1315 1485 1465 1572 ἀθλητὰς
1494 1487 1550 1552 καὶ

397 1611 410 1652 a
438 1594 631 1672 ναυμαχίαν
657 1591 713 1654 καὶ
741 1595 956 1676 θηρομαχίαν
982 1590 1106 1677 δωρεαί
1134 1595 1185 1670 [τε]
1214 1587 1390 1667 ἀποικίαις
1412 1590 1552 1656 πόλεσιν

363 1712 410 1756 aa
439 1695 443 1774 )
467 1693 502 1759 ἒν
518 1691 653 1775 Ἰταλίᾳ,
677 1693 818 1759 πόλεσιν
840 1694 876 1758 ἐν
895 1694 1089 1775 ἐπαρχείαις
1103 1698 1140 1775 [ξ]
1162 1697 1288 1781 σεισμῷ
1312 1697 1387 1775 aab]
1406 1690 1551 1779 ἒνπυξρι-

390 1817 417 1860 ιο
446 1809 543 1880 σμοῖς
566 1801 808 1882 πεπονηκοίαις
829 1796 849 1882 ἢ
872 1800 940 1860 κατ’
962 1796 1068 1882 ἄνδρα
1090 1798 1203 1881 φίλοις
1223 1799 1280 1862 καὶ
1303 1798 1551 1883 συνΙιιλητικοϊς,

385 1921 408 1962 ιι
439 1895 484 1964 ὧν
505 1901 563 1977 τὰς
585 1901 752 1987 τειμήσεις
774 1901 1104 1987 προσεξεπλήριοσενε
1128 1899 1278 1986 ἄῙπειρον
1301 1902 1444 1987 πλῆθος.
1464 1902 1470 1986 Ι

195 2029 302 2090 Graeca
324 2049 390 2092 cum
416 2034 527 2112 integra
550 2033 607 2096 iam
632 2034 766 2107 edantur,
790 2043 850 2096 tum
872 2033 1048 2096 inconcinna
1070 2043 1150 2108 suut,
1173 2043 1207 2095 ut
1222 2035 1257 2096 de
1273 2035 1348 2096 iusta
1365 2034 1551 2096 restitutione

195 2131 365 2194 Latinorum
389 2154 493 2216 magna
521 2157 556 2198 ex
582 2147 664 2218 parte
686 2137 830 2200 hiantium
854 2147 884 2199 et
905 2139 951 2199 vix
974 2139 1079 2200 melius
1102 2147 1312 2218 conceptorum
1336 2138 1550 2217 desperandum

194 2255 257 2296 esse
280 2237 420 2299 videatur.
445 2275 486 2283 —
508 2241 570 2302 Lat.
595 2241 635 2303 39
657 2246 810 2322 impensae,
834 2244 911 2321 quod
935 2251 1099 2321 posuerunt
1113 2239 1255 2319 llergkius
1278 2249 1307 2301 et
1330 2239 1551 2312 llirschseldius,

194 2337 267 2419 lapis
295 2358 354 2401 non
377 2341 514 2416 admittit,
536 2344 647 2405 habens
670 2355 738 2426 post
760 2363 916 2406 insensa
937 2354 988 2407 aut
1010 2366 1025 2406 a
1048 2355 1098 2406 aut
1120 2364 1139 2405 a
1160 2344 1297 2416 litteram,
1322 2353 1355 2405 ut
1376 2354 1405 2405 et
1426 2349 1552 2424 impensa

191 2447 313 2520 pecnnia
343 2444 472 2525 suppleri
499 2449 594 2528 possit
620 2457 651 2510 et
679 2454 873 2529 impensorum
899 2468 1021 2510 samma.
1050 2484 1091 2493 —
1117 2453 1245 2510 scaenica
1279 2448 1375 2509 addidi
1410 2447 1552 2508 suadente

195 2543 426 2609 Wilamowitzio.
449 2584 490 2593 —
511 2549 544 2610 ln
568 2553 625 2612 line
647 2562 716 2632 post
737 2572 780 2612 ar
802 2571 869 2612 aum
893 2551 966 2631 lapis
982 2561 1071 2624 vacet,
1094 2552 1160 2613 dedi
1182 2562 1265 2632 atque
1281 2551 1401 2614 athletas
1415 2549 1551 2631 proposi-

197 2657 259 2708 tum
276 2649 311 2710 ah
329 2651 441 2713 eodem.
456 2691 497 2698 —
514 2655 553 2715 40
569 2653 641 2716 baec
656 2663 815 2735 supersunt
837 2653 1009 2724 acuiit'a'u·
1034 2653 1187 2722 nonani!
1207 2674 1383 2716 escvuraa
1410 2659 1550 2733 sequente

195 2751 289 2831 spatio
315 2772 420 2830 vacum
454 2757 691 2837 supplementum
722 2758 801 2838 quod
832 2758 1012 2820 satisfaceret
1040 2777 1100 2820 non
1130 2759 1254 2838 repperi.
1283 2797 1324 2804 —
1352 2759 1390 2817 41
1420 2756 1551 2818 cernitur

196 2864 253 2921 nu}
275 2854 444 2931 distinam
467 2861 705 2941 supplementum
728 2862 807 2941 quod
823 2861 930 2922 Graeca
953 2861 1102 2941 requirere
1124 2861 1259 2922 videntur
1281 2860 1396 2922 coloniis
1410 2863 1440 2920 in
1455 2857 1550 2928 ltalia,

195 2961 301 3038 oppidis
319 2962 350 3020 in
368 2967 522 3040 prouinciis
551 2983 605 3026 nec
627 2965 754 3044 vestigiis
781 2965 827 3026 bis
850 2975 927 3036 recte
957 2974 1073 3044 aptatur
1099 2973 1128 3026 et
1154 2963 1282 3044 spatium
1305 2963 1384 3042 quad
1407 2960 1551 3042 principio

194 3080 296 3122 versus
319 3073 387 3124 ante
410 3085 476 3126 aas
507 3077 590 3129 vacat
615 3068 778 3130 litterarum
802 3087 827 3129 c.
844 3087 921 3129 xxvn
948 3068 1096 3148 aliquanto
1127 3066 1248 3128 excedit.
1276 3099 1309 3110 -
1335 3065 1369 3125 ln
1392 3063 1509 3126 Graecis
1532 3064 1550 3123 7

195 3165 272 3242 quod
297 3165 406 3244 llagitat
429 3167 569 3248 Bergkius
592 3189 633 3230 re
655 3180 685 3233 et
707 3171 800 3252 spatio
823 3172 960 3233 convenit
981 3180 1011 3233 et
1038 3172 1138 3232 hastae
1167 3168 1288 3248 vestigio
1314 3169 1393 3248 quod
1422 3166 1552 3230 cernitar

195 3276 262 3346 post
284 3289 431 3332 uniant.

295 3372 380 3434 Prior
402 3394 469 3454 pars
491 3379 619 3456 pertinet
640 3377 675 3439 ad
698 3378 796 3438 locum
820 3378 855 3439 de
876 3376 954 3438 ludis
977 3379 1005 3450 4,
1029 3375 1165 3449 31-48,
1187 3393 1284 3456 neque
1299 3393 1404 3454 operae
1419 3371 1549 3454 pretium

196 3483 240 3533 est
267 3474 390 3553 siugulis
416 3477 576 3540 immorari.
621 3480 701 3553 Quae
731 3490 896 3559 sequuntur
924 3479 959 3541 de
991 3480 1075 3541 donis
1102 3481 1138 3541 ab
1160 3480 1292 3560 Augusto
1319 3477 1433 3558 oppidis
1455 3475 1552 3557 priva-

196 3574 268 3636 tisve
290 3575 404 3652 ablatis,
427 3598 487 3641 uon
509 3581 598 3660 petita
620 3593 692 3645 sunt
714 3603 749 3644 ex
770 3583 996 3656 commendarim
1020 3584 1044 3644 is
1060 3583 1139 3644 enim
1156 3601 1223 3643 cum
1241 3584 1388 3662 impensas
1403 3588 1553 3642 recenseat

195 3677 225 3738 in
248 3697 309 3740 rem
333 3681 479 3760 publicam
503 3685 704 3766 populumque
718 3685 884 3748 Romanum
909 3690 1008 3760 factas,
1031 3707 1090 3766 quo
1112 3686 1184 3747 item
1205 3687 1331 3765 pertinet
1345 3702 1451 3746 aurum
1467 3701 1552 3744 coro-

197 3783 310 3843 narium
336 3785 505 3866 muniaipiis
527 3798 558 3849 et
579 3789 701 3850 coloniis
724 3789 822 3850 ltaliae
845 3789 1000 3851 remissum
1025 3791 1067 3868 (4,
1091 3789 1154 3866 26),
1177 3787 1363 3848 liberalitates
1378 3785 1408 3846 in
1424 3785 1553 3865 privatos

196 3886 313 3948 collatas
347 3907 406 3949 non
434 3889 572 3952 admittit.
621 3892 695 3954 Rem
725 3901 871 3954 testantur
897 3903 1041 3954 auctores.
1085 3891 1126 3953 De
1154 3890 1268 3971 oppidis
1296 3889 1418 3970 pecunia
1445 3887 1552 3949 adiutis

196 3989 354 4053 Suetonius
380 3992 452 4072 bug.
476 3995 534 4056 47:
568 3997 684 4059 aritiam
710 4000 741 4057 in
769 3998 964 4077 (prouinciis),
992 3996 1100 4075 iuquit,
1129 3995 1266 4076 quosdam
1292 4004 1342 4055 ant
1368 4011 1432 4054 aare
1460 3992 1553 4053 atiena

195 4091 357 4155 laborantes
379 4095 483 4156 levavit
502 4107 553 4158 ant
576 4109 669 4160 terrae
691 4112 769 4163 moin
790 4101 940 4162 subuersas
962 4101 1054 4162 deitato
1078 4098 1212 4160 condidit.
1243 4097 1403 4158 Eiusmodo
1425 4094 1553 4156 liberali-

196 4204 269 4258 tates
292 4199 479 4278 aontigeruut
500 4199 578 4260 iuter
599 4202 670 4264 alias
692 4204 846 4284 plerasque
861 4203 927 4281 (Dio
943 4204 992 4276 54,
1017 4201 1069 4280 23)
1093 4202 1217 4262 Venafro
1240 4200 1270 4261 in
1294 4199 1451 4280 Campania
1477 4201 1552 4259 iacto

197 4299 236 4360 ibi
265 4302 465 4380 aequaeductu
488 4301 531 4380 (C.
553 4303 574 4363 1.
597 4303 629 4364 L.
646 4305 681 4379 X,
698 4306 809 4381 4842),
833 4306 952 4387 Neapoli
973 4305 1004 4366 in
1027 4304 1183 4385 Campania
1206 4303 1338 4383 (biom,
1355 4303 1424 4382 10),
1452 4302 1553 4381 Papho

196 4402 226 4464 iu
255 4403 349 4484 Cypro
377 4424 402 4466 a.
426 4407 488 4468 739
515 4406 582 4484 (llio
605 4409 661 4482 54,
683 4408 743 4482 23;
777 4411 813 4470 ci.
837 4408 981 4470 Eusebius
1008 4407 1042 4468 ad
1069 4426 1094 4468 a.
1111 4407 1179 4468 Alar.
1198 4406 1310 4486 1998),
1343 4406 1413 4467 item
1441 4424 1467 4466 a.
1491 4404 1552 4465 742

198 4506 333 4586 pluribus
355 4508 469 4589 oppidis
491 4510 657 4590 provinciae
678 4512 763 4574 Asiae
784 4511 851 4590 (uio
874 4513 924 4582 54,
940 4510 1008 4590 30);
1032 4509 1158 4589 denique
1180 4511 1216 4570 de
1232 4509 1372 4572 laodicea
1394 4508 1430 4570 ad
1442 4509 1552 4588 Lycum

197 4618 227 4670 et
240 4610 385 4672 Trallibus
407 4612 484 4673 idem
509 4621 632 4675 testatur
648 4613 754 4676 Strabo
780 4614 828 4686 12,
845 4613 874 4685 8,
893 4612 930 4674 18
953 4632 983 4693 p.
997 4613 1057 4674 579
1081 4612 1184 4674 collata
1200 4613 1342 4674 Suetonio
1364 4611 1428 4673 Tib.
1445 4611 1478 4672 8:
1498 4629 1553 4691 pra

199 4711 360 4775 laodicenis
385 4713 562 4794 llapotirenis
587 4716 665 4779 Cliis
686 4729 780 4779 terrae
802 4729 880 4779 nratn
902 4715 1019 4796 afflictis
1041 4735 1173 4796 opemque
1188 4717 1409 4796 implorantibus
1423 4725 1553 4777 senatum

201 4815 366 4896 deprecatos
391 4829 440 4879 est.
484 4819 525 4880 De
547 4819 692 4882 Trallibus
715 4821 804 4883 etiam
827 4819 963 4899 Agatbias
987 4818 1072 4893 2,17
1096 4819 1275 4898 epigramma
1297 4820 1382 4880 alleri
1403 4838 1438 4879 ex
1460 4817 1553 4898 lapide

200 4919 380 5001 descriptum
402 4920 472 4984 hoc:
