3812 5580
303 1660 367 1726 DE
390 1659 690 1728 ΙΤΕΒΑΤΙΟΝΕ
714 1656 1035 1730 LEGATIONVM
1059 1655 1417 1729 COROLLARIVM.

796 1783 826 1833 (v.
840 1793 864 1838 p.
879 1781 934 1834 1112).

285 1891 402 1971 Legatio
424 1890 589 1971 provinciae
611 1889 735 1953 alicuius
757 1910 825 1953 cum
848 1911 907 1953 non
930 1892 1024 1973 possit
1046 1891 1103 1953 dici
1130 1892 1233 1953 iterata
1260 1890 1317 1952 nisi
1346 1891 1447 1953 eadem
1469 1912 1540 1973 pro-

185 1992 278 2055 vincia
300 1994 396 2055 denuo
418 2004 562 2076 suscepta,
585 2004 710 2057 netum
733 1995 862 2074 quidem,
885 2014 952 2058 cum
975 1995 1080 2074 legatio
1103 1993 1234 2055 eiusdem
1256 1993 1423 2074 provinciae
1445 1995 1540 2056 eidem

185 2095 297 2158 homini
330 2097 375 2158 bis
407 2097 551 2172 defertur,
585 2098 701 2160 iteratio
730 2117 848 2180 semper
877 2099 973 2160 locum
1002 2097 1099 2160 hebet.
1147 2097 1190 2158 Ex
1218 2097 1304 2159 titulo
1331 2097 1363 2158 P.
1380 2097 1541 2160 Pactumeii

183 2199 342 2263 Clementis
364 2201 408 2280 (C.
424 2200 496 2275 vltl,
521 2201 604 2262 7059
625 2228 669 2254 =
690 2201 807 2263 llenzen
831 2221 859 2263 n.
880 2200 994 2278 6183),
1020 2201 1071 2263 uhi
1103 2199 1145 2262 sic
1177 2210 1237 2262 est:
1267 2204 1401 2281 praetori
1419 2202 1541 2274 urbano,

184 2303 274 2382 legato
296 2306 356 2367 divi
374 2304 521 2367 Hadriani
542 2303 579 2365 cd
599 2308 723 2367 notiones
751 2309 907 2370 ciuitatium
929 2304 1031 2384 Syriae
1059 2307 1219 2385 putandos,
1247 2305 1338 2385 legato
1363 2304 1486 2366 eiusdem
1512 2307 1543 2364 in

186 2405 293 2477 Cilicio,
317 2408 428 2469 consuli
441 2411 481 2488 (p.
494 2407 526 2468 C.
541 2406 600 2468 138
616 2407 681 2487 ipso
696 2408 851 2482 nundinio,
872 2429 931 2489 quo
947 2408 1111 2471 Hadrianus
1127 2409 1273 2482 excessit),
1290 2408 1379 2489 lepotc
1394 2411 1426 2468 in
1442 2405 1543 2468 Cilicio

182 2511 248 2587 imp.
264 2508 402 2570 Antonini
415 2511 495 2591 lug,
517 2519 638 2590 apparet
659 2511 831 2590 legationem
854 2513 918 2573 iure
941 2511 1052 2573 linitam
1077 2520 1171 2573 morte
1200 2511 1263 2572 eius
1290 2511 1340 2590 qui
1366 2511 1484 2590 legarat,
1513 2508 1544 2570 id

183 2620 229 2672 est
250 2611 398 2686 Hadriani,
427 2613 570 2676 Clementi
597 2633 613 2674 a
636 2632 806 2675 successore
835 2615 978 2676 redditam
1011 2634 1085 2677 esse.
1130 2614 1252 2677 Videtur
1278 2622 1377 2676 autem
1407 2611 1542 2674 Clemens

185 2712 276 2792 magis
307 2715 490 2777 consulatum
525 2717 632 2778 absens
665 2716 788 2796 gessisse
822 2735 881 2779 une
915 2737 982 2780 cum
1018 2717 1134 2780 Ciliciae
1166 2717 1420 2780 administratione
1453 2734 1541 2795 quam

184 2825 306 2896 propter
334 2836 402 2879 enm
432 2819 574 2897 legatione
602 2819 709 2881 abiisse
737 2827 766 2882 el
793 2839 862 2881 mox
890 2821 974 2882 finito
1002 2822 1155 2884 consulatu
1188 2821 1220 2882 in
1247 2820 1376 2883 Ciliciam
1410 2819 1542 2891 rediisse,

184 2937 363 2998 quamquam
393 2919 450 2982 hoc
472 2921 580 3002 placuit
603 2921 763 3001 Borghesio
786 2923 965 3004 (11111111.
995 2943 1089 2987 nuovo
1120 2924 1149 2999 2,
1166 2924 1206 2985 35
1221 2950 1265 2978 --
1280 2922 1384 3004 opp.8
1413 2941 1442 3002 p.
1459 2919 1542 2994 393).

185 3023 286 3104 ltaque
308 3043 488 3104 quamquam
510 3043 543 3085 re
565 3024 740 3103 legationem
772 3026 962 3100 continuavit,
989 3027 1053 3088 iure
1079 3027 1198 3089 alteram
1229 3026 1371 3106 suscepi13
1398 3024 1478 3104 quod
1504 3023 1544 3084 ita

186 3145 250 3188 esse
273 3127 378 3190 debere
400 3147 460 3190 uon
482 3127 618 3207 ignorant
638 3127 673 3200 ii,
701 3127 753 3207 qui
779 3128 848 3208 quid
878 3128 918 3191 sit
940 3129 1110 3191 mandatum
1139 3127 1297 3209 imperium
1320 3127 1411 3208 probe
1433 3125 1544 3188 didice-

185 3238 264 3291 runt.
301 3230 490 3293 iterationem
514 3239 612 3293 autem
629 3230 764 3292 Clemens
787 3249 847 3293 non
863 3232 1045 3311 significavit,
1068 3231 1206 3312 quoniam
1223 3229 1408 3311 imperatoris
1424 3229 1545 3290 nomine

185 3333 330 3413 adscripto
353 3334 510 3414 legationes
533 3334 606 3396 duae
630 3335 712 3396 datae
741 3335 778 3395 ab
806 3334 952 3397 Hadriano
975 3335 1074 3409 altera,
1097 3336 1186 3397 altera
1205 3353 1221 3396 a
1243 3333 1296 3396 Pio
1312 3333 1411 3395 elsire
1425 3332 1543 3394 eaedem

187 3444 283 3498 tamen
317 3437 381 3498 iure
403 3437 552 3499 differunt.
597 3435 740 3500 Similiter
762 3439 796 3500 cl
820 3437 946 3516 epistulis
969 3439 1098 3500 officium
1120 3437 1160 3500 ita
1183 3438 1290 3518 pendet
1311 3437 1348 3499 ab
1369 3437 1545 3518 imperatore

186 3539 233 3601 cui
261 3539 329 3619 quis
360 3541 455 3613 adest,
486 3550 520 3602 ut
549 3540 693 3602 moriente
722 3541 898 3621 imperatore
925 3541 988 3602 iure
1018 3541 1163 3616 solvatur,
1192 3539 1260 3602 licet
1285 3559 1317 3601 re
1344 3541 1544 3601 continuetur.

185 3641 228 3704 lta
251 3642 281 3704 iu
305 3642 390 3705 titulo
412 3643 548 3705 Africano
564 3643 631 3704 Sex.
647 3642 787 3706 Caecilius
810 3644 951 3705 Crescens
974 3643 1148 3706 Volusianus
1171 3645 1215 3720 (C.
1231 3643 1304 3717 Vlll,
1322 3643 1417 3721 1174)
1439 3641 1546 3704 dicitur

188 3745 222 3806 ab
246 3746 372 3824 epistulis
395 3747 455 3808 diui
474 3747 619 3820 Antonini,
644 3747 679 3808 cl
701 3745 827 3826 epistulis
849 3747 1050 3826 inperitorum,
1074 3746 1184 3808 scilicet
1205 3746 1294 3807 ldaroi
1315 3753 1346 3806 et
1367 3744 1448 3818 Veri,
1474 3743 1544 3806 ilem

187 3848 217 3908 in
247 3848 361 3909 urbano
389 3848 433 3926 (C.
461 3849 507 3922 vt,
531 3849 592 3912 798
618 3876 663 3903 =
682 3848 771 3910 Orell.
796 3849 870 3924 801)
894 3847 946 3910 Cn.
971 3849 1109 3910 Octavius
1132 3849 1258 3911 Titinius
1281 3847 1382 3929 Capito
1403 3846 1438 3920 io,
1462 3845 1546 3908 cuius

187 3949 218 4011 in
241 3949 375 4030 epistulis
398 3951 508 4023 (l,1't.
542 3950 571 4023 8,
589 3950 641 4030 12)
664 3952 777 4014 Plinius
800 3951 950 4026 meminit,
977 3969 1056 4031 proc.
1081 3953 1116 4014 cd
1138 3951 1265 4032 epistulis
1287 3962 1313 4013 et
1335 3952 1548 4030 cpotrimonio

188 4053 295 4114 -ubi
317 4053 497 4133 intellegitur
517 4053 691 4130 Domitiano,
713 4057 797 4117 cuius
820 4073 929 4117 nomen
952 4054 1039 4116 solito
1062 4073 1145 4116 more
1166 4072 1360 4134 suppressum
1383 4060 1437 4125 est,
1461 4060 1490 4113 et
1512 4051 1548 4113 ab

188 4156 320 4237 epistulis
343 4174 411 4218 eum
434 4156 526 4220 luisse
548 4167 578 4219 et
599 4167 819 4238 procuratorem
843 4177 859 4220 a
880 4157 1059 4239 patrimonio
1083 4159 1131 4229 (cl.
1148 4156 1310 4218 Hirschfeld
1339 4155 1548 4234 0111101191-

189 4259 295 4321 leonte
317 4277 345 4338 p.
362 4259 437 4334 200)
454 4295 504 4334 -,
528 4264 632 4322 itonam
654 4262 688 4322 cd
712 4261 838 4342 epistulis
860 4261 921 4322 dici
942 4259 1054 4322 Nervae
1070 4306 1077 4321 .
1094 4306 1101 4320 .
1118 4305 1125 4320 .
1141 4306 1161 4333 .,
1184 4261 1219 4322 ab
1242 4259 1353 4339 11111111.
1377 4261 1457 4320 tertio
1478 4261 1546 4337 imp.

189 4361 301 4424 Nervae
325 4361 440 4426 Caesar.
468 4362 588 4426 Troiani
607 4366 678 4444 Aug.
704 4362 768 4425 Ger.
812 4363 854 4425 Eo
883 4363 1003 4424 nomine
1029 4363 1060 4424 in
1083 4363 1177 4424 tribus
1204 4361 1296 4423 titulis
1318 4361 1413 4422 officia
1435 4359 1548 4422 diverse

190 4473 329 4544 concepta
352 4473 431 4541 sunt,
460 4467 539 4546 quod
568 4467 703 4530 Clemens
729 4475 759 4528 11
782 4466 956 4528 Volusianus
978 4465 1055 4546 apud
1078 4465 1177 4546 plures
1199 4465 1391 4544 imperatores
1413 4470 1548 4544 suscepta

190 4585 250 4628 nou
274 4567 471 4642 dinumerant,
500 4569 668 4632 dinumerat
693 4567 809 4649 Capito;
835 4576 935 4647 potest
955 4569 1110 4648 utriusque
1132 4585 1203 4629 usus
1225 4565 1300 4628 ratio
1322 4565 1418 4639 reddi,
1444 4583 1549 4644 quam-

191 4689 278 4750 quam
302 4670 350 4731 ille
373 4671 475 4733 stricto
497 4671 562 4733 iure
584 4671 678 4751 magis
700 4671 933 4732 commendatur.

291 4774 330 4836 tt
351 4773 401 4835 ubi
423 4775 571 4855 provincia
593 4794 653 4838 non
683 4773 866 4856 exprimitur,
896 4771 1012 4835 etiamsi
1034 4771 1164 4834 diversae
1193 4771 1253 4832 sint
1280 4770 1460 4851 provinciae,
1490 4786 1548 4830 non

192 4875 291 4958 inepte
312 4876 429 4939 iteratio
452 4877 582 4959 ponitur.
627 4879 669 4939 lta
690 4878 774 4941 adest
787 4877 818 4939 iu
834 4876 919 4938 titulo
936 4876 1164 4957 Superaequano
1180 4873 1223 4952 (C.
1240 4870 1549 4946 1x‚3306=01·elt.

1340 4973 1390 5026 12*
