<?xml version="1.0" encoding="UTF-8"?>
<!DOCTYPE html PUBLIC "-//W3C//DTD XHTML 1.0 Transitional//EN"
    "http://www.w3.org/TR/xhtml1/DTD/xhtml1-transitional.dtd">
<html xmlns="http://www.w3.org/1999/xhtml" xml:lang="en" lang="en">
 <head>
  <title>
</title>
<meta http-equiv="Content-Type" content="text/html;charset=utf-8" />
  <meta name='ocr-system' content='tesseract 3.04.00' />
  <meta name='ocr-capabilities' content='ocr_page ocr_carea ocr_par ocr_line ocrx_word'/>
</head>
<body>
  <div class='ocr_page' id='page_1' title='image "./resgestaediviau03augugoog_0185.png"; bbox 0 0 3812 5580; ppageno 0'>
   <div class='ocr_carea' id='block_1_1' title="bbox 349 425 1090 492">
    <p class='ocr_par' dir='ltr' id='par_1_1' title="bbox 349 425 1090 492">
     <span class='ocr_line' id='line_1_1' title="bbox 349 425 1090 492; baseline -0.015 -2"><span class='ocrx_word' id='word_1_1' title='bbox 349 427 409 492; x_wconf 89' lang='lat'><strong>138</strong></span> <span class='ocrx_word' id='word_1_2' title='bbox 954 425 1001 490; x_wconf 82' lang='lat' dir='ltr'><strong>vl,</strong></span> <span class='ocrx_word' id='word_1_3' title='bbox 1024 427 1090 481; x_wconf 80' lang='lat' dir='ltr'><strong>t-a</strong></span> 
     </span>
    </p>
   </div>
   <div class='ocr_carea' id='block_1_2' title="bbox 343 606 1700 1208">
    <p class='ocr_par' dir='ltr' id='par_1_2' title="bbox 343 606 1700 1208">
     <span class='ocr_line' id='line_1_2' title="bbox 346 606 1697 688; baseline 0.001 -20"><span class='ocrx_word' id='word_1_4' title='bbox 346 606 421 680; x_wconf 86' lang='grc'><strong>729;</strong></span> <span class='ocrx_word' id='word_1_5' title='bbox 443 607 584 687; x_wconf 81' lang='lat' dir='ltr'><strong>profectio</strong></span> <span class='ocrx_word' id='word_1_6' title='bbox 614 607 694 668; x_wconf 89' lang='lat' dir='ltr'><strong>enim</strong></span> <span class='ocrx_word' id='word_1_7' title='bbox 716 607 816 668; x_wconf 78' lang='lat' dir='ltr'>Parthi</span> <span class='ocrx_word' id='word_1_8' title='bbox 843 607 873 668; x_wconf 94' lang='lat' dir='ltr'><strong>in</strong></span> <span class='ocrx_word' id='word_1_9' title='bbox 897 607 1064 688; x_wconf 82' lang='lat' dir='ltr'>Hispaniam</span> <span class='ocrx_word' id='word_1_10' title='bbox 1092 627 1159 669; x_wconf 93' lang='lat' dir='ltr'><strong>cum</strong></span> <span class='ocrx_word' id='word_1_11' title='bbox 1185 606 1230 667; x_wconf 84' lang='lat' dir='ltr'><strong>vix</strong></span> <span class='ocrx_word' id='word_1_12' title='bbox 1256 607 1333 668; x_wconf 92' lang='lat' dir='ltr'><strong>inter</strong></span> <span class='ocrx_word' id='word_1_13' title='bbox 1355 617 1521 668; x_wconf 88' lang='lat' dir='ltr'><strong>commenta</strong></span> <span class='ocrx_word' id='word_1_14' title='bbox 1543 617 1697 670; x_wconf 90' lang='lat' dir='ltr'><strong>auctorum</strong></span> 
     </span>
     <span class='ocr_line' id='line_1_3' title="bbox 344 710 1699 791; baseline 0.001 -19"><span class='ocrx_word' id='word_1_15' title='bbox 344 710 468 789; x_wconf 90' lang='lat' dir='ltr'><strong>ablegari</strong></span> <span class='ocrx_word' id='word_1_16' title='bbox 492 719 588 789; x_wconf 89' lang='lat' dir='ltr'><strong>queat,</strong></span> <span class='ocrx_word' id='word_1_17' title='bbox 612 711 731 790; x_wconf 88' lang='lat' dir='ltr'><strong>proclivi</strong></span> <span class='ocrx_word' id='word_1_18' title='bbox 754 730 854 774; x_wconf 90' lang='lat' dir='ltr'><strong>errore</strong></span> <span class='ocrx_word' id='word_1_19' title='bbox 876 711 929 772; x_wconf 86' lang='lat' dir='ltr'><strong>llio</strong></span> <span class='ocrx_word' id='word_1_20' title='bbox 951 712 987 772; x_wconf 90' lang='lat' dir='ltr'><strong>ad</strong></span> <span class='ocrx_word' id='word_1_21' title='bbox 1010 711 1148 773; x_wconf 81' lang='lat' dir='ltr'><strong>Tiridatis</strong></span> <span class='ocrx_word' id='word_1_22' title='bbox 1170 710 1200 772; x_wconf 95' lang='lat' dir='ltr'><strong>in</strong></span> <span class='ocrx_word' id='word_1_23' title='bbox 1218 710 1300 791; x_wconf 77' lang='lat' dir='ltr'><strong>Syria</strong></span> <span class='ocrx_word' id='word_1_24' title='bbox 1324 729 1435 783; x_wconf 83' lang='lat' dir='ltr'><strong>moram</strong></span> <span class='ocrx_word' id='word_1_25' title='bbox 1460 711 1543 791; x_wconf 91' lang='lat' dir='ltr'><strong>pueri</strong></span> <span class='ocrx_word' id='word_1_26' title='bbox 1566 711 1699 773; x_wconf 87' lang='lat' dir='ltr'><strong>traditio-</strong></span> 
     </span>
     <span class='ocr_line' id='line_1_4' title="bbox 344 813 1700 895; baseline 0.001 -20"><span class='ocrx_word' id='word_1_27' title='bbox 344 833 411 876; x_wconf 86' lang='lat' dir='ltr'><strong>nem</strong></span> <span class='ocrx_word' id='word_1_28' title='bbox 428 814 580 876; x_wconf 74' lang='lat' dir='ltr'>adnectere</span> <span class='ocrx_word' id='word_1_29' title='bbox 596 814 699 895; x_wconf 92' lang='lat' dir='ltr'><strong>potuit.</strong></span> <span class='ocrx_word' id='word_1_30' title='bbox 737 815 867 895; x_wconf 87' lang='lat' dir='ltr'><strong>Denique</strong></span> <span class='ocrx_word' id='word_1_31' title='bbox 883 834 957 894; x_wconf 87' lang='lat' dir='ltr'><strong>qnae</strong></span> <span class='ocrx_word' id='word_1_32' title='bbox 972 823 1072 895; x_wconf 90' lang='lat' dir='ltr'><strong>postea</strong></span> <span class='ocrx_word' id='word_1_33' title='bbox 1089 818 1257 886; x_wconf 75' lang='lat' dir='ltr'><strong>incusant,</strong></span> <span class='ocrx_word' id='word_1_34' title='bbox 1281 813 1426 876; x_wconf 90' lang='lat' dir='ltr'><strong>lustinum</strong></span> <span class='ocrx_word' id='word_1_35' title='bbox 1443 823 1521 876; x_wconf 88' lang='lat' dir='ltr'><strong>recte</strong></span> <span class='ocrx_word' id='word_1_36' title='bbox 1535 815 1700 877; x_wconf 79' lang='lat' dir='ltr'><strong>narravisse</strong></span> 
     </span>
     <span class='ocr_line' id='line_1_5' title="bbox 344 916 1697 997; baseline 0.002 -19"><span class='ocrx_word' id='word_1_37' title='bbox 344 918 514 978; x_wconf 90' lang='lat' dir='ltr'><strong>ostendunt.</strong></span> <span class='ocrx_word' id='word_1_38' title='bbox 558 916 631 978; x_wconf 89' lang='lat' dir='ltr'><strong>Nam</strong></span> <span class='ocrx_word' id='word_1_39' title='bbox 655 938 681 978; x_wconf 92' lang='lat' dir='ltr'><strong>a.</strong></span> <span class='ocrx_word' id='word_1_40' title='bbox 698 917 755 980; x_wconf 99' lang='grc'><strong>731</strong></span> <span class='ocrx_word' id='word_1_41' title='bbox 781 918 920 980; x_wconf 75' lang='lat' dir='ltr'><strong>Phraates</strong></span> <span class='ocrx_word' id='word_1_42' title='bbox 947 920 982 980; x_wconf 87' lang='lat' dir='ltr'><strong>ed</strong></span> <span class='ocrx_word' id='word_1_43' title='bbox 1003 919 1154 980; x_wconf 90' lang='lat' dir='ltr'><strong>Caesarem</strong></span> <span class='ocrx_word' id='word_1_44' title='bbox 1177 920 1286 997; x_wconf 90' lang='lat' dir='ltr'><strong>legatos</strong></span> <span class='ocrx_word' id='word_1_45' title='bbox 1310 917 1397 988; x_wconf 91' lang='lat' dir='ltr'><strong>misit,</strong></span> <span class='ocrx_word' id='word_1_46' title='bbox 1422 925 1454 980; x_wconf 93' lang='lat' dir='ltr'><strong>ut</strong></span> <span class='ocrx_word' id='word_1_47' title='bbox 1476 937 1593 980; x_wconf 87' lang='lat' dir='ltr'><strong>servum</strong></span> <span class='ocrx_word' id='word_1_48' title='bbox 1610 939 1697 981; x_wconf 89' lang='lat' dir='ltr'><strong>sunm</strong></span> 
     </span>
     <span class='ocr_line' id='line_1_6' title="bbox 343 1019 1699 1101; baseline 0.004 -22"><span class='ocrx_word' id='word_1_49' title='bbox 343 1019 490 1082; x_wconf 73' lang='lat' dir='ltr'><strong>Tiridaten</strong></span> <span class='ocrx_word' id='word_1_50' title='bbox 522 1021 673 1100; x_wconf 88' lang='lat' dir='ltr'><strong>liliumque</strong></span> <span class='ocrx_word' id='word_1_51' title='bbox 700 1022 757 1083; x_wconf 91' lang='lat' dir='ltr'><strong>sibi</strong></span> <span class='ocrx_word' id='word_1_52' title='bbox 779 1022 960 1094; x_wconf 89' lang='lat' dir='ltr'><strong>restitueret,</strong></span> <span class='ocrx_word' id='word_1_53' title='bbox 983 1021 1127 1082; x_wconf 79' lang='lat' dir='ltr'><strong>Tiridates</strong></span> <span class='ocrx_word' id='word_1_54' title='bbox 1150 1032 1247 1084; x_wconf 92' lang='lat' dir='ltr'><strong>autem</strong></span> <span class='ocrx_word' id='word_1_55' title='bbox 1271 1021 1333 1101; x_wconf 87' lang='lat' dir='ltr'><strong>ipse</strong></span> <span class='ocrx_word' id='word_1_56' title='bbox 1356 1021 1479 1083; x_wconf 85' lang='lat' dir='ltr'><strong>Romam</strong></span> <span class='ocrx_word' id='word_1_57' title='bbox 1505 1022 1585 1084; x_wconf 88' lang='lat' dir='ltr'><strong>venit</strong></span> <span class='ocrx_word' id='word_1_58' title='bbox 1611 1043 1699 1084; x_wconf 91' lang='lat' dir='ltr'><strong>orans</strong></span> 
     </span>
     <span class='ocr_line' id='line_1_7' title="bbox 344 1123 1700 1208; baseline 0.001 -22"><span class='ocrx_word' id='word_1_59' title='bbox 344 1132 376 1186; x_wconf 95' lang='lat' dir='ltr'><strong>ut</strong></span> <span class='ocrx_word' id='word_1_60' title='bbox 397 1143 520 1202; x_wconf 89' lang='lat' dir='ltr'><strong>regnum</strong></span> <span class='ocrx_word' id='word_1_61' title='bbox 540 1125 716 1186; x_wconf 87' lang='lat' dir='ltr'><strong>Parthorum</strong></span> <span class='ocrx_word' id='word_1_62' title='bbox 741 1126 796 1186; x_wconf 92' lang='lat' dir='ltr'><strong>snb</strong></span> <span class='ocrx_word' id='word_1_63' title='bbox 820 1125 971 1188; x_wconf 89' lang='lat' dir='ltr'><strong>maiestate</strong></span> <span class='ocrx_word' id='word_1_64' title='bbox 993 1125 1092 1206; x_wconf 93' lang='lat' dir='ltr'><strong>populi</strong></span> <span class='ocrx_word' id='word_1_65' title='bbox 1114 1124 1239 1186; x_wconf 89' lang='lat' dir='ltr'><strong>Bomani</strong></span> <span class='ocrx_word' id='word_1_66' title='bbox 1255 1123 1309 1184; x_wconf 92' lang='lat' dir='ltr'><strong>sihi</strong></span> <span class='ocrx_word' id='word_1_67' title='bbox 1325 1124 1562 1204; x_wconf 63' lang='lat' dir='ltr'><strong>permittentem</strong></span> <span class='ocrx_word' id='word_1_68' title='bbox 1584 1126 1700 1208; x_wconf 91' lang='lat' dir='ltr'><strong>discep-</strong></span> 
     </span>
    </p>
   </div>
   <div class='ocr_carea' id='block_1_3' title="bbox 333 1226 1700 4937">
    <p class='ocr_par' dir='ltr' id='par_1_3' title="bbox 340 1226 1700 2139">
     <span class='ocr_line' id='line_1_8' title="bbox 343 1226 1699 1309; baseline 0.001 -19"><span class='ocrx_word' id='word_1_69' title='bbox 343 1237 459 1307; x_wconf 88' lang='lat' dir='ltr'><strong>tataque</strong></span> <span class='ocrx_word' id='word_1_70' title='bbox 482 1247 515 1289; x_wconf 88' lang='grc'><strong>66</strong></span> <span class='ocrx_word' id='word_1_71' title='bbox 538 1247 570 1290; x_wconf 92' lang='grc'><strong>16</strong></span> <span class='ocrx_word' id='word_1_72' title='bbox 592 1226 622 1288; x_wconf 89' lang='grc'><strong>16</strong></span> <span class='ocrx_word' id='word_1_73' title='bbox 644 1237 746 1290; x_wconf 87' lang='grc'><strong>666616</strong></span> <span class='ocrx_word' id='word_1_74' title='bbox 763 1230 869 1291; x_wconf 84' lang='lat' dir='ltr'><strong>Caesar</strong></span> <span class='ocrx_word' id='word_1_75' title='bbox 891 1229 983 1290; x_wconf 85' lang='lat' dir='ltr'><strong>hlium</strong></span> <span class='ocrx_word' id='word_1_76' title='bbox 1007 1229 1125 1290; x_wconf 79' lang='lat' dir='ltr'><strong>l&#39;hraati</strong></span> <span class='ocrx_word' id='word_1_77' title='bbox 1148 1228 1262 1290; x_wconf 88' lang='lat' dir='ltr'><strong>remisit</strong></span> <span class='ocrx_word' id='word_1_78' title='bbox 1283 1247 1317 1289; x_wconf 91' lang='lat' dir='ltr'><strong>ea</strong></span> <span class='ocrx_word' id='word_1_79' title='bbox 1338 1228 1408 1308; x_wconf 88' lang='grc'><strong>1636,</strong></span> <span class='ocrx_word' id='word_1_80' title='bbox 1434 1237 1466 1290; x_wconf 92' lang='grc'><strong>61</strong></span> <span class='ocrx_word' id='word_1_81' title='bbox 1488 1229 1568 1309; x_wconf 91' lang='lat' dir='ltr'><strong>signa</strong></span> <span class='ocrx_word' id='word_1_82' title='bbox 1591 1231 1699 1292; x_wconf 86' lang='lat' dir='ltr'><strong>amissa</strong></span> 
     </span>
     <span class='ocr_line' id='line_1_9' title="bbox 342 1331 1698 1410; baseline 0.002 -18"><span class='ocrx_word' id='word_1_83' title='bbox 342 1331 397 1392; x_wconf 91' lang='lat' dir='ltr'><strong>sibi</strong></span> <span class='ocrx_word' id='word_1_84' title='bbox 421 1331 598 1406; x_wconf 88' lang='lat' dir='ltr'><strong>restitueret,</strong></span> <span class='ocrx_word' id='word_1_85' title='bbox 622 1331 778 1394; x_wconf 91' lang='lat' dir='ltr'><strong>Tiridatem</strong></span> <span class='ocrx_word' id='word_1_86' title='bbox 803 1333 924 1394; x_wconf 84' lang='lat' dir='ltr'><strong>retinuit</strong></span> <span class='ocrx_word' id='word_1_87' title='bbox 947 1332 1011 1405; x_wconf 85' lang='lat' dir='ltr'><strong>(llio</strong></span> <span class='ocrx_word' id='word_1_88' title='bbox 1028 1332 1076 1406; x_wconf 85' lang='lat'><strong>53,</strong></span> <span class='ocrx_word' id='word_1_89' title='bbox 1101 1331 1156 1406; x_wconf 73' lang='lat'><strong>333</strong></span> <span class='ocrx_word' id='word_1_90' title='bbox 1184 1331 1289 1393; x_wconf 89' lang='lat' dir='ltr'><strong>lustin.</strong></span> <span class='ocrx_word' id='word_1_91' title='bbox 1305 1332 1323 1392; x_wconf 92' lang='lat' dir='ltr'><strong>l.</strong></span> <span class='ocrx_word' id='word_1_92' title='bbox 1341 1331 1388 1410; x_wconf 91' lang='grc'><strong>6.).</strong></span> <span class='ocrx_word' id='word_1_93' title='bbox 1426 1331 1497 1393; x_wconf 87' lang='lat' dir='ltr'><strong>Eam</strong></span> <span class='ocrx_word' id='word_1_94' title='bbox 1521 1333 1698 1395; x_wconf 87' lang='lat' dir='ltr'><strong>Parthorum</strong></span> 
     </span>
     <span class='ocr_line' id='line_1_10' title="bbox 341 1435 1699 1517; baseline 0.003 -23"><span class='ocrx_word' id='word_1_95' title='bbox 341 1435 516 1514; x_wconf 84' lang='lat' dir='ltr'><strong>legationem</strong></span> <span class='ocrx_word' id='word_1_96' title='bbox 540 1455 599 1497; x_wconf 92' lang='lat' dir='ltr'><strong>non</strong></span> <span class='ocrx_word' id='word_1_97' title='bbox 624 1437 716 1498; x_wconf 92' lang='lat' dir='ltr'><strong>multo</strong></span> <span class='ocrx_word' id='word_1_98' title='bbox 738 1445 806 1517; x_wconf 88' lang='lat' dir='ltr'><strong>post</strong></span> <span class='ocrx_word' id='word_1_99' title='bbox 827 1436 910 1517; x_wconf 90' lang='lat' dir='ltr'><strong>pueri</strong></span> <span class='ocrx_word' id='word_1_100' title='bbox 933 1435 1137 1497; x_wconf 90' lang='lat' dir='ltr'><strong>abductionem</strong></span> <span class='ocrx_word' id='word_1_101' title='bbox 1162 1435 1281 1497; x_wconf 89' lang='lat' dir='ltr'><strong>missam</strong></span> <span class='ocrx_word' id='word_1_102' title='bbox 1305 1455 1370 1497; x_wconf 89' lang='grc'><strong>6666</strong></span> <span class='ocrx_word' id='word_1_103' title='bbox 1392 1446 1621 1498; x_wconf 88' lang='lat' dir='ltr'><strong>consentaneum</strong></span> <span class='ocrx_word' id='word_1_104' title='bbox 1644 1449 1699 1500; x_wconf 90' lang='lat' dir='ltr'><strong>est.</strong></span> 
     </span>
     <span class='ocr_line' id='line_1_11' title="bbox 341 1539 1700 1622; baseline 0.004 -24"><span class='ocrx_word' id='word_1_105' title='bbox 341 1539 450 1600; x_wconf 85' lang='lat' dir='ltr'><strong>Deinde</strong></span> <span class='ocrx_word' id='word_1_106' title='bbox 474 1549 573 1600; x_wconf 88' lang='lat' dir='ltr'><strong>secuta</strong></span> <span class='ocrx_word' id='word_1_107' title='bbox 596 1549 641 1601; x_wconf 89' lang='lat' dir='ltr'><strong>est</strong></span> <span class='ocrx_word' id='word_1_108' title='bbox 663 1560 688 1602; x_wconf 91' lang='lat' dir='ltr'><strong>a.</strong></span> <span class='ocrx_word' id='word_1_109' title='bbox 705 1540 766 1601; x_wconf 92' lang='grc'><strong>734</strong></span> <span class='ocrx_word' id='word_1_110' title='bbox 789 1539 913 1618; x_wconf 79' lang='lat' dir='ltr'><strong>Augusti</strong></span> <span class='ocrx_word' id='word_1_111' title='bbox 935 1539 1079 1620; x_wconf 85' lang='lat' dir='ltr'><strong>expeditio</strong></span> <span class='ocrx_word' id='word_1_112' title='bbox 1096 1539 1212 1620; x_wconf 78' lang='lat' dir='ltr'><strong>Syriaca</strong></span> <span class='ocrx_word' id='word_1_113' title='bbox 1231 1547 1332 1620; x_wconf 71' lang='lat' dir='ltr'><strong>(supra</strong></span> <span class='ocrx_word' id='word_1_114' title='bbox 1348 1560 1376 1620; x_wconf 90' lang='lat' dir='ltr'><strong>p.</strong></span> <span class='ocrx_word' id='word_1_115' title='bbox 1396 1540 1467 1615; x_wconf 90' lang='grc'><strong>112)</strong></span> <span class='ocrx_word' id='word_1_116' title='bbox 1486 1540 1700 1622; x_wconf 87' lang='lat' dir='ltr'><strong>signorumque</strong></span> 
     </span>
     <span class='ocr_line' id='line_1_12' title="bbox 341 1641 1700 1724; baseline 0.004 -22"><span class='ocrx_word' id='word_1_117' title='bbox 341 1641 489 1704; x_wconf 88' lang='lat' dir='ltr'><strong>restitutio</strong></span> <span class='ocrx_word' id='word_1_118' title='bbox 518 1663 534 1704; x_wconf 94' lang='lat' dir='ltr'><strong>a</strong></span> <span class='ocrx_word' id='word_1_119' title='bbox 558 1644 674 1706; x_wconf 90' lang='lat' dir='ltr'><strong>Parthis</strong></span> <span class='ocrx_word' id='word_1_120' title='bbox 703 1647 776 1706; x_wconf 89' lang='lat' dir='ltr'><strong>lacta</strong></span> <span class='ocrx_word' id='word_1_121' title='bbox 807 1642 1068 1724; x_wconf 76' lang='grc'><strong>1666166.124),</strong></span> <span class='ocrx_word' id='word_1_122' title='bbox 1099 1643 1257 1704; x_wconf 88' lang='lat' dir='ltr'><strong>liberorum</strong></span> <span class='ocrx_word' id='word_1_123' title='bbox 1282 1642 1358 1722; x_wconf 90' lang='lat' dir='ltr'><strong>regis</strong></span> <span class='ocrx_word' id='word_1_124' title='bbox 1380 1643 1557 1705; x_wconf 89' lang='lat' dir='ltr'><strong>Parthorum</strong></span> <span class='ocrx_word' id='word_1_125' title='bbox 1582 1645 1700 1707; x_wconf 90' lang='lat' dir='ltr'><strong>traditio</strong></span> 
     </span>
     <span class='ocr_line' id='line_1_13' title="bbox 341 1746 1699 1828; baseline 0.002 -21"><span class='ocrx_word' id='word_1_126' title='bbox 341 1765 365 1807; x_wconf 93' lang='lat' dir='ltr'><strong>o.</strong></span> <span class='ocrx_word' id='word_1_127' title='bbox 382 1766 408 1808; x_wconf 89' lang='lat' dir='ltr'><strong>a.</strong></span> <span class='ocrx_word' id='word_1_128' title='bbox 425 1748 486 1807; x_wconf 94' lang='grc'><strong>745</strong></span> <span class='ocrx_word' id='word_1_129' title='bbox 510 1747 595 1820; x_wconf 85' lang='lat' dir='ltr'><strong>(inlra</strong></span> <span class='ocrx_word' id='word_1_130' title='bbox 619 1767 647 1828; x_wconf 91' lang='lat' dir='ltr'><strong>p.</strong></span> <span class='ocrx_word' id='word_1_131' title='bbox 666 1749 748 1823; x_wconf 89' lang='grc'><strong>141),</strong></span> <span class='ocrx_word' id='word_1_132' title='bbox 771 1747 932 1809; x_wconf 90' lang='lat' dir='ltr'><strong>eorundem</strong></span> <span class='ocrx_word' id='word_1_133' title='bbox 949 1746 1097 1808; x_wconf 88' lang='lat' dir='ltr'><strong>restitutio</strong></span> <span class='ocrx_word' id='word_1_134' title='bbox 1117 1747 1255 1826; x_wconf 88' lang='lat' dir='ltr'><strong>denegata</strong></span> <span class='ocrx_word' id='word_1_135' title='bbox 1272 1747 1424 1808; x_wconf 88' lang='lat' dir='ltr'><strong>Phraataci</strong></span> <span class='ocrx_word' id='word_1_136' title='bbox 1439 1767 1463 1808; x_wconf 92' lang='lat' dir='ltr'><strong>c.</strong></span> <span class='ocrx_word' id='word_1_137' title='bbox 1480 1768 1505 1808; x_wconf 91' lang='lat' dir='ltr'><strong>a.</strong></span> <span class='ocrx_word' id='word_1_138' title='bbox 1523 1749 1583 1809; x_wconf 85' lang='grc'><strong>750</strong></span> <span class='ocrx_word' id='word_1_139' title='bbox 1601 1749 1632 1824; x_wconf 76' lang='lat' dir='ltr'><strong>(l.</strong></span> <span class='ocrx_word' id='word_1_140' title='bbox 1648 1749 1699 1827; x_wconf 90' lang='grc'><strong>6.),</strong></span> 
     </span>
     <span class='ocr_line' id='line_1_14' title="bbox 341 1849 1699 1932; baseline 0.003 -22"><span class='ocrx_word' id='word_1_141' title='bbox 341 1849 477 1911; x_wconf 76' lang='lat' dir='ltr'><strong>Armenia</strong></span> <span class='ocrx_word' id='word_1_142' title='bbox 511 1871 527 1912; x_wconf 91' lang='lat' dir='ltr'><strong>a</strong></span> <span class='ocrx_word' id='word_1_143' title='bbox 553 1851 669 1913; x_wconf 88' lang='lat' dir='ltr'><strong>Parthis</strong></span> <span class='ocrx_word' id='word_1_144' title='bbox 696 1851 913 1932; x_wconf 89' lang='lat' dir='ltr'><strong>quodammodo</strong></span> <span class='ocrx_word' id='word_1_145' title='bbox 940 1860 1079 1931; x_wconf 89' lang='lat' dir='ltr'><strong>occupata</strong></span> <span class='ocrx_word' id='word_1_146' title='bbox 1108 1859 1136 1911; x_wconf 90' lang='lat' dir='ltr'><strong>et</strong></span> <span class='ocrx_word' id='word_1_147' title='bbox 1164 1849 1309 1930; x_wconf 84' lang='lat' dir='ltr'><strong>expeditio</strong></span> <span class='ocrx_word' id='word_1_148' title='bbox 1336 1860 1488 1931; x_wconf 90' lang='lat' dir='ltr'><strong>propterea</strong></span> <span class='ocrx_word' id='word_1_149' title='bbox 1518 1861 1653 1932; x_wconf 88' lang='lat' dir='ltr'><strong>suscepta</strong></span> <span class='ocrx_word' id='word_1_150' title='bbox 1683 1872 1699 1913; x_wconf 90' lang='lat' dir='ltr'><strong>a</strong></span> 
     </span>
     <span class='ocr_line' id='line_1_15' title="bbox 341 1952 1699 2036; baseline 0.003 -23"><span class='ocrx_word' id='word_1_151' title='bbox 341 1952 371 2013; x_wconf 91' lang='lat' dir='ltr'><strong>C.</strong></span> <span class='ocrx_word' id='word_1_152' title='bbox 388 1953 509 2015; x_wconf 84' lang='lat' dir='ltr'><strong>Caesare</strong></span> <span class='ocrx_word' id='word_1_153' title='bbox 530 1974 556 2016; x_wconf 92' lang='lat' dir='ltr'><strong>a.</strong></span> <span class='ocrx_word' id='word_1_154' title='bbox 573 1953 634 2016; x_wconf 86' lang='lat'><strong>753</strong></span> <span class='ocrx_word' id='word_1_155' title='bbox 657 1954 758 2036; x_wconf 90' lang='lat' dir='ltr'><strong>(supra</strong></span> <span class='ocrx_word' id='word_1_156' title='bbox 780 1974 809 2035; x_wconf 91' lang='lat' dir='ltr'><strong>p.</strong></span> <span class='ocrx_word' id='word_1_157' title='bbox 828 1953 898 2027; x_wconf 86' lang='lat'>113,</span> <span class='ocrx_word' id='word_1_158' title='bbox 921 1953 996 2015; x_wconf 87' lang='lat' dir='ltr'><strong>inlra</strong></span> <span class='ocrx_word' id='word_1_159' title='bbox 1019 1973 1048 2034; x_wconf 87' lang='lat' dir='ltr'><strong>p.</strong></span> <span class='ocrx_word' id='word_1_160' title='bbox 1066 1953 1149 2032; x_wconf 93' lang='grc'><strong>143),</strong></span> <span class='ocrx_word' id='word_1_161' title='bbox 1172 1954 1308 2014; x_wconf 87' lang='lat' dir='ltr'><strong>Vonones</strong></span> <span class='ocrx_word' id='word_1_162' title='bbox 1331 1972 1381 2014; x_wconf 88' lang='lat' dir='ltr'><strong>rex</strong></span> <span class='ocrx_word' id='word_1_163' title='bbox 1406 1954 1581 2016; x_wconf 90' lang='lat' dir='ltr'><strong>Parthorum</strong></span> <span class='ocrx_word' id='word_1_164' title='bbox 1604 1955 1699 2018; x_wconf 88' lang='lat' dir='ltr'><strong>Roma</strong></span> 
     </span>
     <span class='ocr_line' id='line_1_16' title="bbox 340 2057 936 2139; baseline 0.002 -22"><span class='ocrx_word' id='word_1_165' title='bbox 340 2057 496 2119; x_wconf 90' lang='lat' dir='ltr'><strong>arcessitus</strong></span> <span class='ocrx_word' id='word_1_166' title='bbox 519 2079 545 2119; x_wconf 92' lang='lat' dir='ltr'><strong>c.</strong></span> <span class='ocrx_word' id='word_1_167' title='bbox 568 2078 593 2120; x_wconf 93' lang='lat' dir='ltr'><strong>a.</strong></span> <span class='ocrx_word' id='word_1_168' title='bbox 611 2060 672 2121; x_wconf 84' lang='lat'><strong>759</strong></span> <span class='ocrx_word' id='word_1_169' title='bbox 696 2059 783 2135; x_wconf 68' lang='lat' dir='ltr'><strong>(intra</strong></span> <span class='ocrx_word' id='word_1_170' title='bbox 807 2078 834 2139; x_wconf 93' lang='lat' dir='ltr'><strong>p.</strong></span> <span class='ocrx_word' id='word_1_171' title='bbox 854 2057 936 2134; x_wconf 91' lang='grc'><strong>143).</strong></span> 
     </span>
    </p>

    <p class='ocr_par' dir='ltr' id='par_1_4' title="bbox 439 2160 1243 2242">
     <span class='ocr_line' id='line_1_17' title="bbox 439 2160 1243 2242; baseline -0.004 -20"><span class='ocrx_word' id='word_1_172' title='bbox 439 2162 480 2223; x_wconf 88' lang='lat' dir='ltr'><strong>Be</strong></span> <span class='ocrx_word' id='word_1_173' title='bbox 503 2181 569 2242; x_wconf 90' lang='lat' dir='ltr'><strong>rege</strong></span> <span class='ocrx_word' id='word_1_174' title='bbox 592 2163 743 2225; x_wconf 85' lang='lat' dir='ltr'><strong>Medorum</strong></span> <span class='ocrx_word' id='word_1_175' title='bbox 766 2161 924 2223; x_wconf 79' lang='lat' dir='ltr'><strong>Artavasde</strong></span> <span class='ocrx_word' id='word_1_176' title='bbox 946 2179 1035 2242; x_wconf 88' lang='lat' dir='ltr'><strong>supra</strong></span> <span class='ocrx_word' id='word_1_177' title='bbox 1058 2160 1102 2240; x_wconf 98' lang='grc'><strong>631</strong></span> <span class='ocrx_word' id='word_1_178' title='bbox 1125 2179 1154 2240; x_wconf 89' lang='lat' dir='ltr'><strong>p.</strong></span> <span class='ocrx_word' id='word_1_179' title='bbox 1174 2160 1243 2220; x_wconf 89' lang='lat'><strong>110.</strong></span> 
     </span>
    </p>

    <p class='ocr_par' dir='ltr' id='par_1_5' title="bbox 339 2263 1700 2760">
     <span class='ocr_line' id='line_1_18' title="bbox 440 2263 1698 2345; baseline -0.001 -18"><span class='ocrx_word' id='word_1_180' title='bbox 440 2268 650 2330; x_wconf 79' lang='lat' dir='ltr'><strong>Adiabenorum</strong></span> <span class='ocrx_word' id='word_1_181' title='bbox 676 2267 833 2328; x_wconf 81' lang='lat' dir='ltr'><strong>drtanares</strong></span> <span class='ocrx_word' id='word_1_182' title='bbox 855 2276 943 2326; x_wconf 82' lang='lat' dir='ltr'><strong>nunc·</strong></span> <span class='ocrx_word' id='word_1_183' title='bbox 957 2265 1076 2326; x_wconf 81' lang='lat' dir='ltr'><strong>dentum</strong></span> <span class='ocrx_word' id='word_1_184' title='bbox 1099 2263 1197 2345; x_wconf 91' lang='lat' dir='ltr'><strong>prodit</strong></span> <span class='ocrx_word' id='word_1_185' title='bbox 1219 2263 1340 2344; x_wconf 86' lang='lat' dir='ltr'><strong>expletis</strong></span> <span class='ocrx_word' id='word_1_186' title='bbox 1360 2264 1485 2326; x_wconf 88' lang='lat' dir='ltr'><strong>Graecis.</strong></span> <span class='ocrx_word' id='word_1_187' title='bbox 1522 2264 1698 2328; x_wconf 79' lang='lat' dir='ltr'><strong>Albanorum</strong></span> 
     </span>
     <span class='ocr_line' id='line_1_19' title="bbox 343 2367 1699 2450; baseline -0.001 -20"><span class='ocrx_word' id='word_1_188' title='bbox 343 2389 395 2448; x_wconf 88' lang='lat' dir='ltr'><strong>ego</strong></span> <span class='ocrx_word' id='word_1_189' title='bbox 419 2369 615 2445; x_wconf 81' lang='lat' dir='ltr'><strong>conieceram3</strong></span> <span class='ocrx_word' id='word_1_190' title='bbox 638 2369 780 2449; x_wconf 88' lang='lat' dir='ltr'><strong>Bergkius</strong></span> <span class='ocrx_word' id='word_1_191' title='bbox 803 2369 932 2450; x_wconf 91' lang='lat' dir='ltr'><strong>primam</strong></span> <span class='ocrx_word' id='word_1_192' title='bbox 957 2387 1058 2430; x_wconf 88' lang='lat' dir='ltr'><strong>aerum</strong></span> <span class='ocrx_word' id='word_1_193' title='bbox 1083 2368 1202 2441; x_wconf 87' lang='lat' dir='ltr'><strong>invenit,</strong></span> <span class='ocrx_word' id='word_1_194' title='bbox 1226 2367 1699 2430; x_wconf 78' lang='grc'><strong>(1616166616166161166616666</strong></span> 
     </span>
     <span class='ocr_line' id='line_1_20' title="bbox 339 2470 1700 2554; baseline -0.001 -21"><span class='ocrx_word' id='word_1_195' title='bbox 339 2473 427 2534; x_wconf 88' lang='lat' dir='ltr'><strong>dedit.</strong></span> <span class='ocrx_word' id='word_1_196' title='bbox 465 2473 604 2535; x_wconf 76' lang='lat' dir='ltr'><strong>Adiabeni</strong></span> <span class='ocrx_word' id='word_1_197' title='bbox 626 2493 661 2535; x_wconf 92' lang='lat' dir='ltr'><strong>eo</strong></span> <span class='ocrx_word' id='word_1_198' title='bbox 684 2483 815 2554; x_wconf 90' lang='lat' dir='ltr'><strong>tempore</strong></span> <span class='ocrx_word' id='word_1_199' title='bbox 843 2493 912 2534; x_wconf 91' lang='lat' dir='ltr'><strong>suos</strong></span> <span class='ocrx_word' id='word_1_200' title='bbox 935 2493 1018 2552; x_wconf 89' lang='lat' dir='ltr'><strong>reges</strong></span> <span class='ocrx_word' id='word_1_201' title='bbox 1043 2473 1209 2534; x_wconf 87' lang='lat' dir='ltr'><strong>hahuerunt</strong></span> <span class='ocrx_word' id='word_1_202' title='bbox 1231 2471 1422 2550; x_wconf 81' lang='lat' dir='ltr'><strong>(Plutarchus</strong></span> <span class='ocrx_word' id='word_1_203' title='bbox 1438 2471 1550 2533; x_wconf 92' lang='lat' dir='ltr'><strong>Lucull.</strong></span> <span class='ocrx_word' id='word_1_204' title='bbox 1567 2470 1618 2532; x_wconf 82' lang='grc'><strong>26.</strong></span> <span class='ocrx_word' id='word_1_205' title='bbox 1642 2471 1700 2544; x_wconf 86' lang='grc'><strong>27;</strong></span> 
     </span>
     <span class='ocr_line' id='line_1_21' title="bbox 340 2574 1700 2658; baseline -0.002 -19"><span class='ocrx_word' id='word_1_206' title='bbox 340 2577 445 2640; x_wconf 86' lang='lat' dir='ltr'><strong>Strabo</strong></span> <span class='ocrx_word' id='word_1_207' title='bbox 471 2578 518 2652; x_wconf 85' lang='lat'><strong>16,</strong></span> <span class='ocrx_word' id='word_1_208' title='bbox 544 2580 570 2652; x_wconf 83' lang='lat'><strong>1,</strong></span> <span class='ocrx_word' id='word_1_209' title='bbox 598 2579 634 2639; x_wconf 86' lang='lat'><strong>19</strong></span> <span class='ocrx_word' id='word_1_210' title='bbox 658 2599 685 2658; x_wconf 92' lang='lat' dir='ltr'><strong>p.</strong></span> <span class='ocrx_word' id='word_1_211' title='bbox 703 2579 779 2652; x_wconf 74' lang='lat'><strong>7453</strong></span> <span class='ocrx_word' id='word_1_212' title='bbox 808 2577 950 2658; x_wconf 89' lang='lat' dir='ltr'><strong>Iosephus</strong></span> <span class='ocrx_word' id='word_1_213' title='bbox 978 2576 1110 2650; x_wconf 84' lang='grc'><strong>66120,</strong></span> <span class='ocrx_word' id='word_1_214' title='bbox 1144 2578 1169 2650; x_wconf 91' lang='grc'><strong>1,</strong></span> <span class='ocrx_word' id='word_1_215' title='bbox 1193 2575 1229 2650; x_wconf 89' lang='grc'><strong>2;</strong></span> <span class='ocrx_word' id='word_1_216' title='bbox 1257 2574 1374 2637; x_wconf 87' lang='lat' dir='ltr'><strong>Tacitus</strong></span> <span class='ocrx_word' id='word_1_217' title='bbox 1401 2575 1535 2648; x_wconf 73' lang='grc'><strong>616112,</strong></span> <span class='ocrx_word' id='word_1_218' title='bbox 1562 2575 1598 2636; x_wconf 91' lang='grc'><strong>13</strong></span> <span class='ocrx_word' id='word_1_219' title='bbox 1615 2579 1700 2650; x_wconf 85' lang='grc'><strong>661.);</strong></span> 
     </span>
     <span class='ocr_line' id='line_1_22' title="bbox 339 2681 907 2760; baseline -0.004 -18"><span class='ocrx_word' id='word_1_220' title='bbox 339 2691 469 2743; x_wconf 83' lang='grc'><strong>66161611</strong></span> <span class='ocrx_word' id='word_1_221' title='bbox 494 2701 541 2742; x_wconf 89' lang='grc'><strong>166</strong></span> <span class='ocrx_word' id='word_1_222' title='bbox 562 2691 592 2743; x_wconf 89' lang='grc'><strong>61</strong></span> <span class='ocrx_word' id='word_1_223' title='bbox 613 2683 703 2743; x_wconf 93' lang='lat' dir='ltr'><strong>homo</strong></span> <span class='ocrx_word' id='word_1_224' title='bbox 726 2681 907 2760; x_wconf 86' lang='lat' dir='ltr'><strong>ignorantur.</strong></span> 
     </span>
    </p>

    <p class='ocr_par' dir='ltr' id='par_1_6' title="bbox 333 2780 1700 4937">
     <span class='ocr_line' id='line_1_23' title="bbox 439 2780 1699 2863; baseline -0.004 -17"><span class='ocrx_word' id='word_1_225' title='bbox 439 2786 645 2848; x_wconf 89' lang='lat' dir='ltr'><strong>Britannorum</strong></span> <span class='ocrx_word' id='word_1_226' title='bbox 669 2804 729 2846; x_wconf 91' lang='lat' dir='ltr'><strong>non</strong></span> <span class='ocrx_word' id='word_1_227' title='bbox 745 2795 804 2846; x_wconf 88' lang='grc'><strong>1166</strong></span> <span class='ocrx_word' id='word_1_228' title='bbox 824 2803 907 2863; x_wconf 88' lang='grc'><strong>16366</strong></span> <span class='ocrx_word' id='word_1_229' title='bbox 923 2783 1114 2845; x_wconf 87' lang='lat' dir='ltr'><strong>nominentur</strong></span> <span class='ocrx_word' id='word_1_230' title='bbox 1128 2783 1254 2856; x_wconf 87' lang='lat' dir='ltr'><strong>Damno,</strong></span> <span class='ocrx_word' id='word_1_231' title='bbox 1271 2782 1437 2856; x_wconf 86' lang='lat' dir='ltr'><strong>Bellaunns,</strong></span> <span class='ocrx_word' id='word_1_232' title='bbox 1453 2780 1519 2842; x_wconf 91' lang='lat' dir='ltr'><strong>Tim</strong></span> <span class='ocrx_word' id='word_1_233' title='bbox 1532 2827 1699 2854; x_wconf 91' lang='grc'><strong>.........</strong></span> 
     </span>
     <span class='ocr_line' id='line_1_24' title="bbox 339 2886 1698 2966; baseline -0.003 -16"><span class='ocrx_word' id='word_1_234' title='bbox 339 2889 390 2950; x_wconf 89' lang='lat' dir='ltr'><strong>sed</strong></span> <span class='ocrx_word' id='word_1_235' title='bbox 424 2889 482 2950; x_wconf 92' lang='lat' dir='ltr'><strong>duo</strong></span> <span class='ocrx_word' id='word_1_236' title='bbox 513 2889 784 2951; x_wconf 85' lang='lat' dir='ltr'><strong>Bumnnhellaanus</strong></span> <span class='ocrx_word' id='word_1_237' title='bbox 813 2897 842 2949; x_wconf 92' lang='grc'><strong>61</strong></span> <span class='ocrx_word' id='word_1_238' title='bbox 869 2887 934 2948; x_wconf 91' lang='lat' dir='ltr'><strong>Tim</strong></span> <span class='ocrx_word' id='word_1_239' title='bbox 949 2933 1114 2948; x_wconf 91' lang='grc'><strong>........</strong></span> <span class='ocrx_word' id='word_1_240' title='bbox 1159 2886 1232 2947; x_wconf 88' lang='lat' dir='ltr'><strong>Nam</strong></span> <span class='ocrx_word' id='word_1_241' title='bbox 1262 2895 1327 2966; x_wconf 90' lang='lat' dir='ltr'><strong>post</strong></span> <span class='ocrx_word' id='word_1_242' title='bbox 1356 2904 1488 2947; x_wconf 80' lang='lat' dir='ltr'><strong>nunno</strong></span> <span class='ocrx_word' id='word_1_243' title='bbox 1518 2903 1698 2964; x_wconf 85' lang='lat' dir='ltr'><strong>qrramquam</strong></span> 
     </span>
     <span class='ocr_line' id='line_1_25' title="bbox 338 2987 1699 3073; baseline -0.003 -21"><span class='ocrx_word' id='word_1_244' title='bbox 338 2993 478 3054; x_wconf 90' lang='lat' dir='ltr'><strong>Perrotus</strong></span> <span class='ocrx_word' id='word_1_245' title='bbox 500 3001 643 3072; x_wconf 89' lang='lat' dir='ltr'><strong>punctum</strong></span> <span class='ocrx_word' id='word_1_246' title='bbox 661 2993 768 3073; x_wconf 87' lang='lat' dir='ltr'><strong>posuit,</strong></span> <span class='ocrx_word' id='word_1_247' title='bbox 791 3011 859 3052; x_wconf 90' lang='grc'><strong>1616</strong></span> <span class='ocrx_word' id='word_1_248' title='bbox 874 3010 934 3052; x_wconf 91' lang='lat' dir='ltr'><strong>non</strong></span> <span class='ocrx_word' id='word_1_249' title='bbox 957 2990 1189 3071; x_wconf 83' lang='lat' dir='ltr'><strong>interpungitur;</strong></span> <span class='ocrx_word' id='word_1_250' title='bbox 1214 3000 1363 3071; x_wconf 90' lang='lat' dir='ltr'><strong>praeterea</strong></span> <span class='ocrx_word' id='word_1_251' title='bbox 1387 2989 1411 3049; x_wconf 93' lang='lat' dir='ltr'><strong>si</strong></span> <span class='ocrx_word' id='word_1_252' title='bbox 1440 2998 1498 3050; x_wconf 91' lang='grc'><strong>1166</strong></span> <span class='ocrx_word' id='word_1_253' title='bbox 1521 2988 1575 3050; x_wconf 87' lang='grc'><strong>1111</strong></span> <span class='ocrx_word' id='word_1_254' title='bbox 1598 2987 1699 3049; x_wconf 87' lang='grc'><strong>66161-</strong></span> 
     </span>
     <span class='ocr_line' id='line_1_26' title="bbox 339 3074 1697 3177; baseline -0.003 -21"><span class='ocrx_word' id='word_1_255' title='bbox 339 3106 487 3170; x_wconf 84' lang='grc'><strong>66166161,</strong></span> <span class='ocrx_word' id='word_1_256' title='bbox 511 3074 612 3177; x_wconf 89' lang='lat' dir='ltr'><strong>copula</strong></span> <span class='ocrx_word' id='word_1_257' title='bbox 635 3096 799 3158; x_wconf 88' lang='lat' dir='ltr'><strong>necessario</strong></span> <span class='ocrx_word' id='word_1_258' title='bbox 821 3104 889 3175; x_wconf 90' lang='lat' dir='ltr'><strong>post</strong></span> <span class='ocrx_word' id='word_1_259' title='bbox 910 3094 1024 3156; x_wconf 87' lang='lat' dir='ltr'><strong>Dumna</strong></span> <span class='ocrx_word' id='word_1_260' title='bbox 1047 3094 1200 3156; x_wconf 90' lang='lat' dir='ltr'><strong>inserenda</strong></span> <span class='ocrx_word' id='word_1_261' title='bbox 1223 3103 1310 3166; x_wconf 89' lang='lat' dir='ltr'><strong>esset,</strong></span> <span class='ocrx_word' id='word_1_262' title='bbox 1338 3112 1426 3172; x_wconf 90' lang='lat' dir='ltr'><strong>quarn</strong></span> <span class='ocrx_word' id='word_1_263' title='bbox 1449 3111 1543 3172; x_wconf 87' lang='lat' dir='ltr'><strong>neque</strong></span> <span class='ocrx_word' id='word_1_264' title='bbox 1560 3091 1697 3152; x_wconf 89' lang='lat' dir='ltr'><strong>Latinam</strong></span> 
     </span>
     <span class='ocr_line' id='line_1_27' title="bbox 338 3195 1700 3279; baseline -0.001 -21"><span class='ocrx_word' id='word_1_265' title='bbox 338 3200 505 3279; x_wconf 89' lang='lat' dir='ltr'><strong>exemplum</strong></span> <span class='ocrx_word' id='word_1_266' title='bbox 528 3199 632 3279; x_wconf 88' lang='lat' dir='ltr'><strong>recipit</strong></span> <span class='ocrx_word' id='word_1_267' title='bbox 653 3217 748 3278; x_wconf 89' lang='lat' dir='ltr'><strong>neque</strong></span> <span class='ocrx_word' id='word_1_268' title='bbox 772 3200 923 3260; x_wconf 87' lang='lat' dir='ltr'><strong>Graecum.</strong></span> <span class='ocrx_word' id='word_1_269' title='bbox 948 3233 989 3240; x_wconf 88' lang='lat'><strong>—-</strong></span> <span class='ocrx_word' id='word_1_270' title='bbox 1012 3199 1127 3259; x_wconf 87' lang='lat' dir='ltr'><strong>Paravit</strong></span> <span class='ocrx_word' id='word_1_271' title='bbox 1149 3199 1298 3276; x_wconf 80' lang='lat' dir='ltr'><strong>Augustus</strong></span> <span class='ocrx_word' id='word_1_272' title='bbox 1318 3195 1513 3258; x_wconf 81' lang='lat' dir='ltr'><strong>Britannicam</strong></span> <span class='ocrx_word' id='word_1_273' title='bbox 1536 3195 1700 3276; x_wconf 90' lang='lat' dir='ltr'><strong>expeditio·</strong></span> 
     </span>
     <span class='ocr_line' id='line_1_28' title="bbox 339 3299 1698 3382; baseline -0.003 -18"><span class='ocrx_word' id='word_1_274' title='bbox 339 3321 406 3364; x_wconf 93' lang='lat' dir='ltr'><strong>nem</strong></span> <span class='ocrx_word' id='word_1_275' title='bbox 438 3302 482 3362; x_wconf 87' lang='lat' dir='ltr'><strong>vel</strong></span> <span class='ocrx_word' id='word_1_276' title='bbox 508 3311 586 3363; x_wconf 91' lang='lat' dir='ltr'><strong>certe</strong></span> <span class='ocrx_word' id='word_1_277' title='bbox 616 3302 788 3363; x_wconf 87' lang='lat' dir='ltr'><strong>credebatur</strong></span> <span class='ocrx_word' id='word_1_278' title='bbox 818 3320 919 3382; x_wconf 90' lang='lat' dir='ltr'><strong>parare</strong></span> <span class='ocrx_word' id='word_1_279' title='bbox 942 3321 966 3362; x_wconf 92' lang='lat' dir='ltr'><strong>a.</strong></span> <span class='ocrx_word' id='word_1_280' title='bbox 984 3300 1056 3374; x_wconf 85' lang='grc'><strong>720,</strong></span> <span class='ocrx_word' id='word_1_281' title='bbox 1079 3302 1108 3362; x_wconf 93' lang='lat' dir='ltr'><strong>in</strong></span> <span class='ocrx_word' id='word_1_282' title='bbox 1133 3301 1253 3362; x_wconf 88' lang='lat' dir='ltr'><strong>Galliam</strong></span> <span class='ocrx_word' id='word_1_283' title='bbox 1277 3300 1341 3362; x_wconf 90' lang='lat' dir='ltr'><strong>eius</strong></span> <span class='ocrx_word' id='word_1_284' title='bbox 1363 3299 1406 3360; x_wconf 92' lang='lat' dir='ltr'><strong>rei</strong></span> <span class='ocrx_word' id='word_1_285' title='bbox 1428 3319 1516 3362; x_wconf 91' lang='lat' dir='ltr'><strong>causa</strong></span> <span class='ocrx_word' id='word_1_286' title='bbox 1538 3303 1698 3379; x_wconf 87' lang='lat' dir='ltr'><strong>prolectas,</strong></span> 
     </span>
     <span class='ocr_line' id='line_1_29' title="bbox 338 3403 1699 3486; baseline -0.001 -20"><span class='ocrx_word' id='word_1_287' title='bbox 338 3405 389 3466; x_wconf 92' lang='lat' dir='ltr'><strong>sed</strong></span> <span class='ocrx_word' id='word_1_288' title='bbox 418 3424 486 3466; x_wconf 88' lang='lat' dir='ltr'><strong>mox</strong></span> <span class='ocrx_word' id='word_1_289' title='bbox 513 3423 647 3466; x_wconf 83' lang='lat' dir='ltr'><strong>resersus</strong></span> <span class='ocrx_word' id='word_1_290' title='bbox 678 3414 799 3486; x_wconf 89' lang='lat' dir='ltr'><strong>propter</strong></span> <span class='ocrx_word' id='word_1_291' title='bbox 825 3406 935 3467; x_wconf 89' lang='lat' dir='ltr'><strong>bellam</strong></span> <span class='ocrx_word' id='word_1_292' title='bbox 964 3405 1154 3466; x_wconf 86' lang='lat' dir='ltr'><strong>Dalmaticum</strong></span> <span class='ocrx_word' id='word_1_293' title='bbox 1179 3404 1312 3484; x_wconf 79' lang='grc'><strong>(111649,</strong></span> <span class='ocrx_word' id='word_1_294' title='bbox 1335 3403 1398 3483; x_wconf 89' lang='grc'><strong>38).</strong></span> <span class='ocrx_word' id='word_1_295' title='bbox 1443 3403 1558 3464; x_wconf 85' lang='grc'><strong>1161666</strong></span> <span class='ocrx_word' id='word_1_296' title='bbox 1586 3403 1699 3483; x_wconf 89' lang='lat' dir='ltr'><strong>paravit</strong></span> 
     </span>
     <span class='ocr_line' id='line_1_30' title="bbox 338 3506 1698 3589; baseline -0.003 -19"><span class='ocrx_word' id='word_1_297' title='bbox 338 3528 391 3589; x_wconf 93' lang='lat' dir='ltr'><strong>per</strong></span> <span class='ocrx_word' id='word_1_298' title='bbox 417 3529 445 3585; x_wconf 18' lang='lat' dir='ltr'><strong>[a.</strong></span> <span class='ocrx_word' id='word_1_299' title='bbox 467 3509 528 3569; x_wconf 87' lang='grc'><strong>727</strong></span> <span class='ocrx_word' id='word_1_300' title='bbox 558 3519 589 3570; x_wconf 87' lang='grc'><strong>61</strong></span> <span class='ocrx_word' id='word_1_301' title='bbox 617 3509 692 3584; x_wconf 89' lang='grc'><strong>728,</strong></span> <span class='ocrx_word' id='word_1_302' title='bbox 722 3510 773 3571; x_wconf 86' lang='lat' dir='ltr'><strong>&#39;sed</strong></span> <span class='ocrx_word' id='word_1_303' title='bbox 803 3519 866 3571; x_wconf 92' lang='lat' dir='ltr'><strong>tum</strong></span> <span class='ocrx_word' id='word_1_304' title='bbox 896 3528 1014 3588; x_wconf 92' lang='lat' dir='ltr'><strong>quoque</strong></span> <span class='ocrx_word' id='word_1_305' title='bbox 1044 3508 1133 3570; x_wconf 87' lang='lat' dir='ltr'><strong>Gallia</strong></span> <span class='ocrx_word' id='word_1_306' title='bbox 1163 3527 1222 3569; x_wconf 92' lang='lat' dir='ltr'><strong>non</strong></span> <span class='ocrx_word' id='word_1_307' title='bbox 1252 3509 1377 3570; x_wconf 83' lang='lat' dir='ltr'><strong>excessit</strong></span> <span class='ocrx_word' id='word_1_308' title='bbox 1404 3506 1536 3588; x_wconf 80' lang='grc'><strong>(111653,</strong></span> <span class='ocrx_word' id='word_1_309' title='bbox 1559 3506 1609 3567; x_wconf 88' lang='grc'><strong>22.</strong></span> <span class='ocrx_word' id='word_1_310' title='bbox 1633 3507 1698 3586; x_wconf 92' lang='grc'><strong>25).</strong></span> 
     </span>
     <span class='ocr_line' id='line_1_31' title="bbox 338 3597 1698 3694; baseline -0.002 -21"><span class='ocrx_word' id='word_1_311' title='bbox 338 3613 439 3693; x_wconf 90' lang='lat' dir='ltr'><strong>ltaque</strong></span> <span class='ocrx_word' id='word_1_312' title='bbox 466 3613 595 3675; x_wconf 89' lang='lat' dir='ltr'><strong>carmina</strong></span> <span class='ocrx_word' id='word_1_313' title='bbox 626 3632 678 3694; x_wconf 90' lang='lat' dir='ltr'><strong>per</strong></span> <span class='ocrx_word' id='word_1_314' title='bbox 705 3615 759 3675; x_wconf 91' lang='lat' dir='ltr'><strong>hos</strong></span> <span class='ocrx_word' id='word_1_315' title='bbox 785 3631 877 3674; x_wconf 93' lang='lat' dir='ltr'><strong>annos</strong></span> <span class='ocrx_word' id='word_1_316' title='bbox 904 3611 1011 3693; x_wconf 90' lang='lat' dir='ltr'><strong>scripta</strong></span> <span class='ocrx_word' id='word_1_317' title='bbox 1039 3612 1123 3692; x_wconf 91' lang='lat' dir='ltr'><strong>plena</strong></span> <span class='ocrx_word' id='word_1_318' title='bbox 1150 3621 1220 3673; x_wconf 89' lang='lat' dir='ltr'><strong>sant</strong></span> <span class='ocrx_word' id='word_1_319' title='bbox 1249 3611 1389 3692; x_wconf 90' lang='lat' dir='ltr'><strong>triumphi</strong></span> <span class='ocrx_word' id='word_1_320' title='bbox 1413 3597 1505 3674; x_wconf 79' lang='lat' dir='ltr'><strong>lutari</strong></span> <span class='ocrx_word' id='word_1_321' title='bbox 1527 3610 1698 3672; x_wconf 89' lang='lat' dir='ltr'><strong>Britannici.</strong></span> 
     </span>
     <span class='ocr_line' id='line_1_32' title="bbox 339 3713 1700 3798; baseline -0.002 -20"><span class='ocrx_word' id='word_1_322' title='bbox 339 3717 439 3778; x_wconf 86' lang='lat' dir='ltr'><strong>Sinin</strong></span> <span class='ocrx_word' id='word_1_323' title='bbox 464 3717 604 3798; x_wconf 86' lang='lat' dir='ltr'><strong>georgicis</strong></span> <span class='ocrx_word' id='word_1_324' title='bbox 626 3717 767 3779; x_wconf 76' lang='lat' dir='ltr'><strong>ahsdutis</strong></span> <span class='ocrx_word' id='word_1_325' title='bbox 790 3737 814 3778; x_wconf 92' lang='lat' dir='ltr'><strong>a.</strong></span> <span class='ocrx_word' id='word_1_326' title='bbox 837 3716 899 3776; x_wconf 87' lang='grc'><strong>724</strong></span> <span class='ocrx_word' id='word_1_327' title='bbox 925 3715 1065 3795; x_wconf 89' lang='lat' dir='ltr'><strong>Vergilius</strong></span> <span class='ocrx_word' id='word_1_328' title='bbox 1088 3715 1202 3777; x_wconf 83' lang='lat' dir='ltr'><strong>Caesari</strong></span> <span class='ocrx_word' id='word_1_329' title='bbox 1226 3715 1303 3776; x_wconf 92' lang='lat' dir='ltr'><strong>inter</strong></span> <span class='ocrx_word' id='word_1_330' title='bbox 1325 3715 1378 3776; x_wconf 92' lang='lat' dir='ltr'><strong>alia</strong></span> <span class='ocrx_word' id='word_1_331' title='bbox 1402 3726 1484 3796; x_wconf 89' lang='lat' dir='ltr'><strong>optat</strong></span> <span class='ocrx_word' id='word_1_332' title='bbox 1506 3716 1549 3795; x_wconf 89' lang='lat'><strong>(1,</strong></span> <span class='ocrx_word' id='word_1_333' title='bbox 1565 3713 1636 3794; x_wconf 88' lang='lat'>30),</span> <span class='ocrx_word' id='word_1_334' title='bbox 1666 3723 1700 3776; x_wconf 92' lang='grc'><strong>61</strong></span> 
     </span>
     <span class='ocr_line' id='line_1_33' title="bbox 338 3819 1699 3899; baseline -0.001 -19"><span class='ocrx_word' id='word_1_335' title='bbox 338 3819 364 3880; x_wconf 90' lang='grc'><strong>61</strong></span> <span class='ocrx_word' id='word_1_336' title='bbox 391 3824 497 3881; x_wconf 87' lang='lat' dir='ltr'><strong>seruiet</strong></span> <span class='ocrx_word' id='word_1_337' title='bbox 524 3821 627 3882; x_wconf 80' lang='lat' dir='ltr'><strong>ultima</strong></span> <span class='ocrx_word' id='word_1_338' title='bbox 650 3819 737 3883; x_wconf 84' lang='grc'><strong>11616</strong></span> <span class='ocrx_word' id='word_1_339' title='bbox 765 3820 845 3892; x_wconf 90' lang='grc'><strong>613,</strong></span> <span class='ocrx_word' id='word_1_340' title='bbox 870 3819 963 3881; x_wconf 89' lang='grc'><strong>2516</strong></span> <span class='ocrx_word' id='word_1_341' title='bbox 988 3838 1090 3881; x_wconf 90' lang='lat' dir='ltr'><strong>scaena</strong></span> <span class='ocrx_word' id='word_1_342' title='bbox 1114 3819 1143 3879; x_wconf 91' lang='lat' dir='ltr'><strong>in</strong></span> <span class='ocrx_word' id='word_1_343' title='bbox 1167 3819 1309 3880; x_wconf 90' lang='lat' dir='ltr'><strong>honorem</strong></span> <span class='ocrx_word' id='word_1_344' title='bbox 1334 3820 1397 3880; x_wconf 91' lang='lat' dir='ltr'><strong>eius</strong></span> <span class='ocrx_word' id='word_1_345' title='bbox 1420 3819 1547 3899; x_wconf 91' lang='lat' dir='ltr'><strong>paranda</strong></span> <span class='ocrx_word' id='word_1_346' title='bbox 1570 3828 1604 3879; x_wconf 90' lang='lat' dir='ltr'><strong>ut</strong></span> <span class='ocrx_word' id='word_1_347' title='bbox 1621 3837 1699 3898; x_wconf 87' lang='lat' dir='ltr'><strong>pnr-</strong></span> 
     </span>
     <span class='ocr_line' id='line_1_34' title="bbox 333 3922 1699 4004; baseline 0.001 -23"><span class='ocrx_word' id='word_1_348' title='bbox 333 3941 426 4004; x_wconf 87' lang='lat' dir='ltr'><strong>pureo</strong></span> <span class='ocrx_word' id='word_1_349' title='bbox 448 3927 551 3984; x_wconf 80' lang='lat' dir='ltr'><strong>intenti</strong></span> <span class='ocrx_word' id='word_1_350' title='bbox 571 3923 672 3986; x_wconf 89' lang='lat' dir='ltr'><strong>tollunt</strong></span> <span class='ocrx_word' id='word_1_351' title='bbox 695 3925 798 3986; x_wconf 82' lang='grc'><strong>661666</strong></span> <span class='ocrx_word' id='word_1_352' title='bbox 813 3924 958 3996; x_wconf 79' lang='lat' dir='ltr'><strong>Britanni,</strong></span> <span class='ocrx_word' id='word_1_353' title='bbox 982 3922 1119 3984; x_wconf 82' lang='lat' dir='ltr'><strong>horatius</strong></span> <span class='ocrx_word' id='word_1_354' title='bbox 1141 3923 1244 3984; x_wconf 88' lang='lat' dir='ltr'><strong>eodem</strong></span> <span class='ocrx_word' id='word_1_355' title='bbox 1269 3932 1400 4003; x_wconf 90' lang='lat' dir='ltr'><strong>tempore</strong></span> <span class='ocrx_word' id='word_1_356' title='bbox 1424 3923 1468 3983; x_wconf 90' lang='lat' dir='ltr'><strong>vel</strong></span> <span class='ocrx_word' id='word_1_357' title='bbox 1495 3922 1591 4002; x_wconf 92' lang='lat' dir='ltr'><strong>paullo</strong></span> <span class='ocrx_word' id='word_1_358' title='bbox 1613 3931 1699 3983; x_wconf 88' lang='lat' dir='ltr'><strong>antea</strong></span> 
     </span>
     <span class='ocr_line' id='line_1_35' title="bbox 337 4025 1700 4108; baseline -0.001 -20"><span class='ocrx_word' id='word_1_359' title='bbox 337 4026 367 4088; x_wconf 94' lang='lat' dir='ltr'><strong>in</strong></span> <span class='ocrx_word' id='word_1_360' title='bbox 398 4028 510 4108; x_wconf 89' lang='lat' dir='ltr'><strong>epodon</strong></span> <span class='ocrx_word' id='word_1_361' title='bbox 535 4029 569 4100; x_wconf 94' lang='grc'><strong>7,</strong></span> <span class='ocrx_word' id='word_1_362' title='bbox 598 4028 703 4088; x_wconf 83' lang='grc'><strong>71616</strong></span> <span class='ocrx_word' id='word_1_363' title='bbox 731 4029 815 4102; x_wconf 88' lang='grc'><strong>16611,</strong></span> <span class='ocrx_word' id='word_1_364' title='bbox 845 4033 967 4090; x_wconf 83' lang='lat' dir='ltr'><strong>intactas</strong></span> <span class='ocrx_word' id='word_1_365' title='bbox 988 4027 1148 4089; x_wconf 86' lang='lat' dir='ltr'><strong>Britannus</strong></span> <span class='ocrx_word' id='word_1_366' title='bbox 1175 4037 1206 4089; x_wconf 89' lang='lat' dir='ltr'><strong>nt</strong></span> <span class='ocrx_word' id='word_1_367' title='bbox 1237 4025 1412 4089; x_wconf 86' lang='lat' dir='ltr'><strong>descenderet</strong></span> <span class='ocrx_word' id='word_1_368' title='bbox 1439 4045 1524 4089; x_wconf 89' lang='lat' dir='ltr'><strong>sacro</strong></span> <span class='ocrx_word' id='word_1_369' title='bbox 1553 4036 1700 4088; x_wconf 85' lang='lat' dir='ltr'><strong>catenatus</strong></span> 
     </span>
     <span class='ocr_line' id='line_1_36' title="bbox 337 4128 1699 4212; baseline -0.001 -20"><span class='ocrx_word' id='word_1_370' title='bbox 337 4135 400 4202; x_wconf 88' lang='lat' dir='ltr'><strong>oia,</strong></span> <span class='ocrx_word' id='word_1_371' title='bbox 428 4143 545 4192; x_wconf 84' lang='lat' dir='ltr'><strong>carmen</strong></span> <span class='ocrx_word' id='word_1_372' title='bbox 574 4139 671 4192; x_wconf 88' lang='lat' dir='ltr'><strong>autem</strong></span> <span class='ocrx_word' id='word_1_373' title='bbox 706 4132 736 4202; x_wconf 91' lang='grc'><strong>1,</strong></span> <span class='ocrx_word' id='word_1_374' title='bbox 766 4131 805 4192; x_wconf 88' lang='grc'><strong>35</strong></span> <span class='ocrx_word' id='word_1_375' title='bbox 841 4131 879 4193; x_wconf 92' lang='lat' dir='ltr'><strong>ob</strong></span> <span class='ocrx_word' id='word_1_376' title='bbox 912 4131 1006 4212; x_wconf 90' lang='lat' dir='ltr'><strong>ipsam</strong></span> <span class='ocrx_word' id='word_1_377' title='bbox 1040 4131 1118 4192; x_wconf 92' lang='lat' dir='ltr'><strong>illam</strong></span> <span class='ocrx_word' id='word_1_378' title='bbox 1153 4129 1368 4209; x_wconf 90' lang='lat' dir='ltr'><strong>expeditionem</strong></span> <span class='ocrx_word' id='word_1_379' title='bbox 1403 4149 1429 4192; x_wconf 92' lang='lat' dir='ltr'><strong>a.</strong></span> <span class='ocrx_word' id='word_1_380' title='bbox 1453 4128 1548 4197; x_wconf 64' lang='grc'><strong>72718</strong></span> <span class='ocrx_word' id='word_1_381' title='bbox 1583 4129 1699 4190; x_wconf 85' lang='lat' dir='ltr'><strong>ridetur</strong></span> 
     </span>
     <span class='ocr_line' id='line_1_37' title="bbox 337 4232 1699 4315; baseline -0.002 -19"><span class='ocrx_word' id='word_1_382' title='bbox 337 4233 539 4315; x_wconf 89' lang='lat' dir='ltr'><strong>composuisse</strong></span> <span class='ocrx_word' id='word_1_383' title='bbox 575 4234 617 4295; x_wconf 91' lang='lat' dir='ltr'><strong>sic</strong></span> <span class='ocrx_word' id='word_1_384' title='bbox 650 4234 690 4295; x_wconf 92' lang='lat' dir='ltr'><strong>ibi</strong></span> <span class='ocrx_word' id='word_1_385' title='bbox 713 4235 874 4296; x_wconf 84' lang='lat' dir='ltr'><strong>Fortunam</strong></span> <span class='ocrx_word' id='word_1_386' title='bbox 903 4235 1108 4315; x_wconf 89' lang='lat' dir='ltr'><strong>interpellans:</strong></span> <span class='ocrx_word' id='word_1_387' title='bbox 1137 4253 1230 4296; x_wconf 81' lang='grc'><strong>161666</strong></span> <span class='ocrx_word' id='word_1_388' title='bbox 1259 4237 1367 4296; x_wconf 75' lang='lat' dir='ltr'><strong>itteram</strong></span> <span class='ocrx_word' id='word_1_389' title='bbox 1395 4232 1546 4296; x_wconf 83' lang='lat' dir='ltr'><strong>Caesarem</strong></span> <span class='ocrx_word' id='word_1_390' title='bbox 1572 4237 1602 4294; x_wconf 90' lang='lat' dir='ltr'><strong>in</strong></span> <span class='ocrx_word' id='word_1_391' title='bbox 1627 4233 1699 4294; x_wconf 82' lang='lat' dir='ltr'><strong>nlti-</strong></span> 
     </span>
     <span class='ocr_line' id='line_1_38' title="bbox 337 4335 1698 4419; baseline -0.001 -20"><span class='ocrx_word' id='word_1_392' title='bbox 337 4357 398 4399; x_wconf 88' lang='lat' dir='ltr'><strong>mos</strong></span> <span class='ocrx_word' id='word_1_393' title='bbox 429 4339 506 4401; x_wconf 87' lang='lat' dir='ltr'><strong>orbis</strong></span> <span class='ocrx_word' id='word_1_394' title='bbox 539 4338 704 4412; x_wconf 85' lang='lat' dir='ltr'><strong>Britannos,</strong></span> <span class='ocrx_word' id='word_1_395' title='bbox 734 4339 926 4419; x_wconf 88' lang='lat' dir='ltr'><strong>eiusdemque</strong></span> <span class='ocrx_word' id='word_1_396' title='bbox 961 4339 1101 4419; x_wconf 90' lang='lat' dir='ltr'><strong>temporis</strong></span> <span class='ocrx_word' id='word_1_397' title='bbox 1134 4337 1164 4399; x_wconf 92' lang='lat' dir='ltr'><strong>in</strong></span> <span class='ocrx_word' id='word_1_398' title='bbox 1194 4338 1322 4399; x_wconf 89' lang='lat' dir='ltr'><strong>carmine</strong></span> <span class='ocrx_word' id='word_1_399' title='bbox 1351 4337 1406 4399; x_wconf 84' lang='grc'><strong>6116</strong></span> <span class='ocrx_word' id='word_1_400' title='bbox 1433 4336 1504 4408; x_wconf 88' lang='grc'><strong>3,5</strong></span> <span class='ocrx_word' id='word_1_401' title='bbox 1539 4337 1609 4398; x_wconf 88' lang='grc'><strong>11611</strong></span> <span class='ocrx_word' id='word_1_402' title='bbox 1643 4335 1698 4398; x_wconf 87' lang='lat' dir='ltr'><strong>ait:</strong></span> 
     </span>
     <span class='ocr_line' id='line_1_39' title="bbox 334 4438 1700 4522; baseline -0.002 -18"><span class='ocrx_word' id='word_1_403' title='bbox 334 4461 469 4522; x_wconf 84' lang='lat' dir='ltr'><strong>praesens</strong></span> <span class='ocrx_word' id='word_1_404' title='bbox 497 4441 577 4503; x_wconf 82' lang='lat' dir='ltr'><strong>dions</strong></span> <span class='ocrx_word' id='word_1_405' title='bbox 604 4443 753 4504; x_wconf 87' lang='lat' dir='ltr'><strong>babebitnr</strong></span> <span class='ocrx_word' id='word_1_406' title='bbox 776 4443 917 4522; x_wconf 77' lang='grc'><strong>46366161</strong></span> <span class='ocrx_word' id='word_1_407' title='bbox 946 4443 1061 4503; x_wconf 82' lang='lat' dir='ltr'><strong>adiectis</strong></span> <span class='ocrx_word' id='word_1_408' title='bbox 1083 4441 1232 4503; x_wconf 86' lang='lat' dir='ltr'><strong>Britannis</strong></span> <span class='ocrx_word' id='word_1_409' title='bbox 1253 4445 1371 4520; x_wconf 74' lang='lat' dir='ltr'><strong>irnperio</strong></span> <span class='ocrx_word' id='word_1_410' title='bbox 1390 4440 1578 4521; x_wconf 76' lang='lat' dir='ltr'><strong>praoibnspnc</strong></span> <span class='ocrx_word' id='word_1_411' title='bbox 1607 4438 1700 4501; x_wconf 82' lang='lat' dir='ltr'><strong>Persis</strong></span> 
     </span>
     <span class='ocr_line' id='line_1_40' title="bbox 338 4545 1698 4624; baseline -0.002 -17"><span class='ocrx_word' id='word_1_412' title='bbox 338 4545 687 4619; x_wconf 83' lang='grc'><strong>161.66161.1,21,15.</strong></span> <span class='ocrx_word' id='word_1_413' title='bbox 722 4546 751 4618; x_wconf 92' lang='grc'><strong>3,</strong></span> <span class='ocrx_word' id='word_1_414' title='bbox 768 4547 796 4618; x_wconf 89' lang='grc'><strong>4,</strong></span> <span class='ocrx_word' id='word_1_415' title='bbox 813 4545 863 4605; x_wconf 89' lang='grc'><strong>33.</strong></span> <span class='ocrx_word' id='word_1_416' title='bbox 897 4547 926 4618; x_wconf 95' lang='grc'><strong>4,</strong></span> <span class='ocrx_word' id='word_1_417' title='bbox 946 4545 1072 4622; x_wconf 66' lang='lat' dir='ltr'><strong>tare).</strong></span> <span class='ocrx_word' id='word_1_418' title='bbox 1118 4545 1698 4624; x_wconf 74' lang='grc'><strong>16611111666661636616661116111</strong></span> 
     </span>
     <span class='ocr_line' id='line_1_41' title="bbox 337 4646 1698 4728; baseline -0.001 -18"><span class='ocrx_word' id='word_1_419' title='bbox 337 4648 521 4710; x_wconf 90' lang='lat' dir='ltr'><strong>Britannicae</strong></span> <span class='ocrx_word' id='word_1_420' title='bbox 543 4648 738 4727; x_wconf 88' lang='lat' dir='ltr'><strong>expeditionis</strong></span> <span class='ocrx_word' id='word_1_421' title='bbox 760 4649 966 4727; x_wconf 88' lang='lat' dir='ltr'><strong>cogitationem</strong></span> <span class='ocrx_word' id='word_1_422' title='bbox 990 4649 1129 4710; x_wconf 90' lang='lat' dir='ltr'><strong>abiecisse</strong></span> <span class='ocrx_word' id='word_1_423' title='bbox 1152 4648 1281 4720; x_wconf 89' lang='lat' dir='ltr'><strong>videtur,</strong></span> <span class='ocrx_word' id='word_1_424' title='bbox 1305 4648 1356 4709; x_wconf 90' lang='lat' dir='ltr'><strong>sed</strong></span> <span class='ocrx_word' id='word_1_425' title='bbox 1378 4646 1525 4728; x_wconf 90' lang='lat' dir='ltr'><strong>principes</strong></span> <span class='ocrx_word' id='word_1_426' title='bbox 1554 4648 1698 4726; x_wconf 89' lang='lat' dir='ltr'><strong>quosdam</strong></span> 
     </span>
     <span class='ocr_line' id='line_1_42' title="bbox 337 4749 1698 4832; baseline -0.001 -20"><span class='ocrx_word' id='word_1_427' title='bbox 337 4773 371 4813; x_wconf 89' lang='lat' dir='ltr'><strong>ex</strong></span> <span class='ocrx_word' id='word_1_428' title='bbox 403 4751 497 4813; x_wconf 90' lang='lat' dir='ltr'><strong>insula</strong></span> <span class='ocrx_word' id='word_1_429' title='bbox 528 4763 633 4832; x_wconf 88' lang='lat' dir='ltr'><strong>sponte</strong></span> <span class='ocrx_word' id='word_1_430' title='bbox 661 4772 728 4814; x_wconf 92' lang='lat' dir='ltr'><strong>eum</strong></span> <span class='ocrx_word' id='word_1_431' title='bbox 760 4753 866 4814; x_wconf 89' lang='lat' dir='ltr'><strong>adiisse</strong></span> <span class='ocrx_word' id='word_1_432' title='bbox 897 4753 1002 4813; x_wconf 90' lang='lat' dir='ltr'><strong>Strabo</strong></span> <span class='ocrx_word' id='word_1_433' title='bbox 1032 4753 1175 4832; x_wconf 83' lang='grc'><strong>6131111661</strong></span> <span class='ocrx_word' id='word_1_434' title='bbox 1206 4752 1338 4812; x_wconf 90' lang='lat' dir='ltr'><strong>scribens</strong></span> <span class='ocrx_word' id='word_1_435' title='bbox 1361 4751 1461 4831; x_wconf 90' lang='lat' dir='ltr'><strong>paucis</strong></span> <span class='ocrx_word' id='word_1_436' title='bbox 1489 4760 1556 4830; x_wconf 88' lang='lat' dir='ltr'><strong>post</strong></span> <span class='ocrx_word' id='word_1_437' title='bbox 1584 4749 1698 4811; x_wconf 87' lang='lat' dir='ltr'><strong>obitum</strong></span> 
     </span>
     <span class='ocr_line' id='line_1_43' title="bbox 337 4848 1699 4937; baseline -0.001 -21"><span class='ocrx_word' id='word_1_438' title='bbox 337 4857 399 4917; x_wconf 90' lang='lat' dir='ltr'><strong>eins</strong></span> <span class='ocrx_word' id='word_1_439' title='bbox 424 4857 558 4928; x_wconf 83' lang='grc'><strong>6116164,</strong></span> <span class='ocrx_word' id='word_1_440' title='bbox 580 4857 609 4930; x_wconf 89' lang='grc'><strong>5,</strong></span> <span class='ocrx_word' id='word_1_441' title='bbox 634 4855 652 4918; x_wconf 91' lang='grc'><strong>3</strong></span> <span class='ocrx_word' id='word_1_442' title='bbox 674 4877 702 4937; x_wconf 88' lang='lat' dir='ltr'><strong>p.</strong></span> <span class='ocrx_word' id='word_1_443' title='bbox 719 4855 795 4917; x_wconf 78' lang='lat'><strong>200:</strong></span> <span class='ocrx_word' id='word_1_444' title='bbox 830 4855 902 4917; x_wconf 81' lang='grc'><strong>6611</strong></span> <span class='ocrx_word' id='word_1_445' title='bbox 936 4859 1048 4936; x_wconf 80' lang='grc' dir='ltr'><em>μέντοι</em></span> <span class='ocrx_word' id='word_1_446' title='bbox 1076 4855 1140 4917; x_wconf 73' lang='lat' dir='ltr'><strong>aeia</strong></span> <span class='ocrx_word' id='word_1_447' title='bbox 1169 4852 1339 4918; x_wconf 75' lang='grc' dir='ltr'><em>δυναστῶν</em></span> <span class='ocrx_word' id='word_1_448' title='bbox 1367 4875 1453 4926; x_wconf 76' lang='grc' dir='ltr'><strong><em>τινες</em></strong></span> <span class='ocrx_word' id='word_1_449' title='bbox 1478 4855 1543 4914; x_wconf 79' lang='lat' dir='ltr'><strong>salv</strong></span> <span class='ocrx_word' id='word_1_450' title='bbox 1574 4848 1699 4916; x_wconf 71' lang='grc'><strong>61111131</strong></span> 
     </span>
    </p>
   </div>
   <div class='ocr_carea' id='block_1_4' title="bbox 0 0 1910 5580">
    <p class='ocr_par' dir='ltr' id='par_1_7' title="bbox 0 0 1910 5580">
     <span class='ocr_line' id='line_1_44' title="bbox 0 0 1910 5580; baseline 0 1"><span class='ocrx_word' id='word_1_451' title='bbox 0 0 1910 5580; x_wconf 95' lang='lat' dir='ltr'><strong> </strong></span> 
     </span>
    </p>
   </div>
  </div>
 </body>
</html>
