3812 5580
792 481 825 547 v,
845 483 949 538 ιι-ιο
1486 487 1543 552 131

190 670 282 746 ripae,
305 667 456 727 decurrere
478 664 605 726 solebant
626 674 652 724 et
674 667 768 726 aa'ca'na
788 665 926 745 populari
945 677 973 726 et
998 665 1121 726 subinde
1143 685 1241 727 rerum
1266 667 1424 748 scriptores
1446 686 1548 728 earum

191 770 399 840 meminerunt,
423 779 457 830 ut
478 788 503 830 a.
520 767 581 829 738
604 767 670 847 (Dio
693 769 743 840 54,
765 767 821 847 20)
844 779 874 830 et
896 788 920 830 a.
939 771 1010 843 744,
1033 789 1092 850 quo
1115 769 1328 850 expeditionem
1347 770 1440 832 solitis
1456 771 1548 851 magis

104 887 112 899 ·
190 873 410 934 formidolosam
427 875 568 944 lecerunt,
591 889 658 933 cum
679 871 709 932 in
726 890 761 931 eo
776 881 855 932 esset
870 882 902 933 ut
917 872 977 933 lani
995 873 1136 954 templum
1154 875 1347 948 clauderetur,
1370 884 1442 936 teste
1457 875 1549 936 Dione

191 977 254 1052 (54,
269 975 339 1056 36);
369 972 402 1038 οἱ
426 969 530 1038 Λάκαι
558 973 616 1037 τὸν
631 969 755 1054 Ἴστρον
778 973 952 1057 πεπηγότα
975 973 1150 1056 διαβάντες
1173 973 1264 1039 λειάν
1285 975 1320 1038 έκ
1342 979 1397 1059 τῆς
1422 983 1550 1041 Παννο-

192 1083 265 1152 νίας
287 1075 500 1161 άπετέμοντο.
538 1080 592 1140 llic
613 1087 658 1140 est
680 1078 743 1140 sine
766 1078 854 1140 dubio
878 1079 1032 1152 exercitus,
1056 1099 1143 1160 quem
1168 1080 1318 1160 Augustus
1340 1080 1370 1142 in
1393 1099 1549 1142 commen-

192 1179 266 1240 tario
288 1179 391 1241 scribit
412 1198 465 1259 per
480 1179 587 1240 bellum
604 1180 806 1243 Pannonicum
822 1202 848 1243 a.
865 1183 1032 1244 rte-745
1049 1184 1199 1246 transiisse
1214 1184 1379 1246 Danuvium
1395 1195 1425 1245 et
1440 1185 1549 1246 victum

190 1301 254 1344 csse
277 1283 308 1344 in
331 1282 393 1362 ripa
416 1283 526 1344 dextm.
564 1283 678 1358 Postea,
703 1294 735 1346 ut
759 1286 835 1347 idem
859 1287 1009 1366 Augustus
1032 1287 1081 1359 ait,
1105 1287 1214 1348 missus
1237 1287 1382 1350 exercitas
1400 1288 1550 1350 llomanus

191 1395 272 1447 trans
288 1387 452 1448 Danuvium
468 1386 559 1450 Dacos
581 1389 710 1462 domuit3
732 1389 817 1450 cuius
833 1389 1024 1470 expeditionis
1041 1391 1242 1452 meminerunt
1256 1401 1405 1472 praeterea
1422 1391 1452 1452 ni
1467 1392 1551 1452 fallor

192 1489 297 1550 Strabo
329 1491 489 1552 Suetonius
517 1491 620 1553 Florus
651 1492 777 1554 Tacitus.
827 1492 865 1553 Et
896 1493 1002 1554 Strabo
1035 1495 1152 1574 quidem
1182 1505 1249 1576 post
1276 1514 1363 1576 supra
1391 1496 1479 1557 relata
1509 1495 1551 1556 sic

191 1593 301 1673 pergit:
325 1589 356 1655 oi
381 1589 419 1655 δέ
442 1591 673 1678 διαδεξάμενοι
701 1593 759 1677 τήν
791 1589 892 1678 ἀρχὴν
919 1597 966 1670 εἰς
990 1596 1093 1660 πλείω
1116 1601 1196 1681 μέρη
1221 1597 1408 1680 διέστησαν.
1432 1595 1487 1658 καὶ
1510 1593 1550 1678 δὴ

191 1699 246 1758 καὶ
270 1697 346 1772 νῦν,
380 1693 475 1780 ἡνίκα
506 1697 659 1783 ἔπεμψεν
687 1697 743 1763 ἐπ’
768 1695 885 1773 αἰτούς
910 1705 1084 1782 στρατείαν
1106 1697 1124 1764 ὁ
1146 1701 1312 1782 Σεβαστὸς
1334 1705 1480 1781 Καίσαρ,
1504 1699 1552 1772 είς

192 1803 289 1863 πέντε
315 1799 470 1884 μερίδας,
501 1801 575 1865 τότε
604 1803 641 1865 δὲ
669 1805 716 1877 εἷς
745 1807 907 1884 τέσσαρας
933 1803 1106 1878 διεστῶτες
1133 1800 1318 1886 ἐτύγχανον.
1342 1800 1374 1865 oi
1403 1803 1464 1886 μέν
1494 1796 1552 1864 οὖν

190 1905 338 1968 τοιοῦτον
367 1907 525 1988 μερισμοὶ
555 1905 758 1989 πρόσκαιρον
786 1909 840 1969 καὶ
871 1905 981 1969 ἄλλοτ’
1004 1905 1102 1970 ἄλλοι
1130 1917 1159 1970 et
1187 1917 1254 1989 post
1280 1908 1335 1969 alia
1365 1907 1464 1968 ο.12;
1492 1900 1549 1968 ἐπὶ

192 2009 350 2071 τοσοῦτον
372 2001 440 2071 ὑπὸ
464 2011 521 2072 τοῦ
544 2013 746 2093 Βοιρεβίσια
769 2011 805 2075 τὸ
829 2010 930 2085 ἔθνος
951 2009 1095 2093 ἐξαρθὲν
1117 2009 1328 2094 ἐταπεινώθη
1345 2009 1459 2084 τελέως
1481 2005 1551 2072 άπά
1659 2031 1662 2038 ·

190 2133 225 2173 τε
253 2112 318 2173 τῶν
348 2108 496 2176 στάσεων
522 2114 577 2174 καὶ
607 2115 672 2177 τῶν
695 2112 866 2198 Ῥωμαίων
894 2127 923 2176 et
949 2135 1053 2176 rursus
1080 2135 1104 2177 c.
1128 2115 1182 2176 13:
1211 2109 1409 2197 αὐξηθέντες
1436 2113 1465 2176 δ’
1492 2098 1552 2175 οὖν

190 2211 249 2276 ἐπὶ
282 2211 438 2277 πλεῖστον
467 2220 500 2277 οἳ
526 2239 560 2278 τε
592 2218 687 2279 Γέται
719 2223 752 2280 ol
781 2239 818 2280 τε
841 2222 969 2294 Δακοί,
998 2215 1080 2281 ὥστε
1106 2220 1161 2280 καὶ
1185 2221 1290 2282 εἴκοσι
1311 2215 1477 2300 μυριάδας
1499 2215 1550 2277 έκ-

191 2319 339 2399 πέμπειν
369 2317 436 2397 [είς]
463 2323 651 2396 στρατείας,
675 2321 733 2385 νῦν
763 2316 844 2386 ὅσον
867 2324 914 2395 εἰς
936 2319 1089 2405 τέτταρας
1111 2319 1276 2404 μυριάδας
1296 2317 1550 2401 συνεσταλμένοι

190 2417 387 2499 τυγχάνουσι
420 2421 476 2483 καὶ
506 2421 600 2500 ἐγγὺς
634 2422 694 2507 μὲν
726 2418 843 2508 ἥκουσι
879 2427 937 2488 τοῦ
971 2423 1153 2488 ὑπακούειν
1177 2421 1356 2506 Ῥωμαίων.
1401 2420 1494 2486 οὔπω
1518 2419 1550 2484 δ’

191 2525 277 2586 είσίν
312 2520 499 2607 ὑποχείριοι
533 2526 650 2602 τελέως
680 2526 738 2589 διά
766 2527 824 2602 τὰς
852 2523 887 2591 εἰι
914 2531 978 2591 τῶν
1010 2529 1184 2611 Γερμανῶν
1212 2526 1353 2600 ἐλπίδας
1383 2523 1551 2609 πολεμίων

191 2623 292 2689 ὄντων
313 2637 384 2700 τοῖς
403 2625 587 2710 Ῥωμαίοις.
624 2628 657 2691 ln
679 2631 741 2712 ipsa
761 2631 844 2694 Dacia
867 2631 975 2694 bellurn
999 2642 1115 2712 gestum
1138 2652 1201 2694 esse
1223 2633 1292 2694 inde
1314 2631 1440 2694 maxime
1461 2630 1549 2690 intel-

190 2731 305 2810 legitur,
329 2731 406 2810 quod
430 2733 532 2794 coelem
555 2735 698 2796 Strabone
722 2744 796 2796 teste
818 2735 918 2815 copiae
934 2736 1073 2798 Romanis
1096 2755 1148 2816 per
1164 2735 1313 2797 llarisium
1336 2753 1453 2796 amnem
1477 2733 1549 2794 sub-

191 2823 381 2896 velxebantur.
431 2835 510 2897 ltlem
547 2837 655 2900 bellum
689 2839 780 2919 tangit
809 2839 966 2901 Suetonius
994 2839 1167 2918 (Aug.21):
1196 2841 1318 2900 consuit
1346 2849 1371 2899 et
1405 2837 1548 2899 dacorum

190 2943 364 3000 incursiones
397 2940 488 3002 tribua
520 2959 618 3003 eorum
649 2943 767 3004 dercilus
793 2963 857 3005 curn
887 2961 992 3023 περιτο
1020 2947 1099 3022 copia
1130 2947 1228 3015 caesis,
1262 2941 1372 3002 scibcet
1399 2940 1492 3002 tribus
1514 2959 1549 3000 ex

191 3051 331 3122 quattuor
352 3043 471 3122 regibus
494 3046 594 3126 populi
616 3047 829 3128 quadripartiti.
867 3047 971 3109 Florus
993 3045 1095 3107 deinde
1117 3046 1136 3106 l.
1152 3065 1176 3107 c.
1200 3045 1242 3106 sic
1264 3045 1372 3126 pergit:
1395 3049 1488 3106 visum
1511 3054 1550 3104 est

193 3145 310 3208 Caecum·
337 3147 460 3226 Αυριιείο
490 3160 600 3229 pentane
632 3151 713 3212 aditu
748 3151 950 3232 difficillimam
979 3168 1170 3212 sumancucre:
1203 3153 1287 3211 οιιέεο
1315 3153 1403 3229 abitur
1430 3147 1548 3208 berdale

191 3249 270 3311 ultro
292 3249 457 3312 ulteriorem
482 3253 609 3332 perpulit
629 3257 739 3334 ripum·
769 3260 839 3317 citro
857 3255 1006 3335 pracsidio
1028 3258 1188 3316 constituto.
1233 3258 1272 3314 sic
1293 3263 1354 3314 ιιιοι
1377 3252 1468 3314 Decio
1490 3270 1548 3312 non

192 3357 280 3425 οιέιο,
301 3355 350 3415 ced
371 3366 513 3416 ειιιιιοιοιο
535 3367 617 3438 οίηυε
641 3357 730 3419 diluto
752 3369 801 3420 est.
845 3357 933 3419 nduic
955 3357 989 3429 2,
1005 3357 1046 3419 29
1070 3357 1194 3418 eundem
1219 3355 1376 3418 Lentulum
1401 3356 1549 3416 Sarmatas

192 3457 377 3536 prohibuisse
403 3477 419 3518 a
447 3458 587 3520 Danuvio.
631 3460 749 3523 Tacitus
780 3462 906 3542 denique
933 3480 1001 3523 ann.
1017 3462 1053 3534 4,
1076 3461 1130 3532 44,
1160 3459 1209 3520 ubi
1237 3459 1339 3521 scribit
1366 3479 1391 3519 a.
1410 3478 1439 3538 p.
1461 3459 1492 3520 G.
1509 3457 1549 3518 25

192 3560 299 3621 obiisse
322 3561 375 3622 Cn.
396 3560 568 3636 Lentulum,
595 3562 659 3625 eius
687 3575 831 3627 memorat
853 3566 1031 3628 cenaculorum
1052 3574 1077 3624 ct
1100 3562 1288 3643 tm'urnpleub'u
1309 3565 1343 3625 de
1369 3561 1443 3624 Getis
1465 3561 1550 3640 (petes

191 3663 287 3740 liber),
309 3683 398 3744 qaam
420 3665 575 3728 lectionem
592 3667 642 3728 diu
665 3667 859 3732 oblitteratam
882 3677 961 3730 recte
978 3667 1170 3748 Nipperdcius
1186 3666 1339 3728 revocavit.
1370 3664 1550 3744 Intellegitur

193 3769 296 3829 consul
325 3787 350 3829 a.
367 3769 460 3844 740¹)
492 3789 620 3850 eumque
647 3771 796 3852 probabile
823 3781 868 3834 est
897 3771 1111 3853 expeditionem
1139 3769 1243 3832 iecisse
1265 3771 1392 3849 legatum
1415 3767 1549 3829 Moesiae.

192 3899 407 3910 ———

293 3970 312 4030 ¹)
331 3967 427 4020 Consul
449 3987 472 4022 a.
486 3971 536 4022 740
554 3971 698 4038 appellatur
717 3969 771 4036 [Cn.
794 3969 937 4038 Βαττιάδαι
952 3971 1030 4038 ij.
1044 3967 1167 4020 Lentulus
1184 3985 1272 4034 αιιςνιιν
1291 3970 1315 4019 in
1336 3969 1401 4019 actis
1420 3967 1551 4020 Arvalium

193 4072 216 4123 p.
232 4053 347 4106 XXXIX
371 4071 474 4122 cumque
501 4057 635 4108 Lentulum
658 4073 778 4120 augurem
802 4058 895 4108 dictum
920 4055 999 4107 luisse
1024 4057 1099 4106 etiam
1124 4056 1149 4106 in
1169 4053 1241 4105 lastis
1261 4054 1414 4121 Capitolinis
1432 4062 1552 4119 excerpta

192 4142 301 4204 (c.t.1..
318 4142 362 4208 lp.
377 4143 436 4206 546)
455 4144 599 4206 declaraut3
622 4145 664 4194 Cn.
681 4143 814 4195 Cornelius
833 4143 876 4192 Cn.
888 4145 917 4210 s.
932 4142 1052 4193 Lentulus
1070 4143 1094 4192 iu
1114 4142 1199 4192 iudice
1217 4141 1347 4191 consulari
1367 4140 1454 4190 Diouis
1473 4141 1489 4188 l.
1504 4141 1551 4203 543

195 4228 238 4279 Cn.
262 4227 390 4280 Cornelius
414 4230 439 4279 in
459 4231 584 4292 laterculo
604 4231 733 4280 consulari
752 4231 810 4279 min
826 4230 845 4280 V
864 4237 891 4279 et
909 4233 972 4293 apud
991 4229 1096 4279 Dionem
1115 4229 1162 4290 54,
1185 4228 1235 4289 24;
1264 4226 1307 4277 Cn.
1326 4225 1449 4276 Lentulus
1465 4241 1552 4290 αιιὲαι·

193 4317 258 4380 apud
279 4320 419 4380 Augustum
438 4331 503 4366 mon.
517 4317 613 4384 Ancyr.
633 4316 657 4380 3,
670 4319 711 4381 23,
730 4317 850 4365 Senecam
868 4317 898 4364 elo
918 4315 999 4365 beacl.
1015 4315 1040 4378 2,
1051 4315 1094 4378 22,
1112 4303 1259 4378 Suetonium
1272 4312 1328 4364 Tib.
1342 4315 1374 4362 49
1394 4319 1419 4362 et
1437 4313 1461 4362 in
1475 4312 1552 4362 titulo

193 4401 294 4468 Nysaeo
314 4403 340 4452 C.
358 4401 377 4452 l.
391 4401 436 4452 Gr.
452 4403 532 4464 2943,
560 4400 682 4452 Lenladua
704 4415 790 4468 augur
808 4403 834 4452 in
853 4402 930 4451 titulo
948 4401 1039 4451 liberti
1057 4399 1102 4449 Cn.
1115 4401 1229 4452 Cornelii
1245 4399 1338 4449 Albani
1357 4399 1383 4448 C.
1396 4397 1446 4462 lX,
1469 4397 1552 4458 30993

193 4503 281 4555 aragne
303 4486 426 4538 Lentulus
455 4489 518 4554 apud
543 4487 657 4538 Tacitum
682 4503 738 4537 τοι.
757 4487 786 4548 3,
805 4487 850 4548 52;
883 4484 919 4535 Cn
953 4483 1070 4535 Ieratulua
1098 4485 1122 4534 ia
1147 4483 1222 4536 lastis
1249 4483 1455 4535 Cassiodorianis
1475 4491 1502 4534 et
1525 4485 1551 4533 iu

194 4575 279 4624 titulis
303 4574 362 4624 anai
385 4573 533 4635 designandi
557 4589 633 4623 causa
656 4571 801 4634 c.l.1..1‚
822 4573 879 4621 745.
897 4573 957 4622 ull.
971 4571 1005 4634 X,
1024 4571 1082 4622 885.
1096 4573 1153 4621 886.
1170 4570 1241 4622 1938.
1261 4570 1341 4620 Orell.
1359 4569 1439 4634 4'll43
1463 4570 1552 4636 quibus

194 4661 309 4710 omuibus
334 4660 399 4709 loris
423 4667 496 4709 extra
521 4659 621 4708 dubium
646 4665 685 4708 est
707 4658 822 4720 intellegi
847 4657 973 4707 consulem
993 4673 1014 4706 a.
1031 4659 1087 4706 740.
1125 4657 1212 4706 Eidem
1236 4657 1295 4708 itcm
1314 4656 1475 4706 attribuenda
1494 4663 1553 4706 suat

194 4761 258 4810 quac
277 4746 306 4794 dc
324 4745 369 4794 Cu.
382 4743 489 4794 Lentulo
502 4743 608 4795 Tacitus
628 4751 714 4794 narrat
734 4749 756 4808 l,
770 4744 810 4794 27.
824 4746 847 4808 2,
862 4745 902 4793 22.
921 4747 946 4802 3,
959 4743 1000 4792 ue.
1014 4745 1038 4804 4,
1052 4745 1092 4793 29.
1106 4745 1146 4792 44.
1177 4743 1239 4792 Nam
1265 4749 1334 4792 rectc
1358 4758 1437 4808 nuper
1455 4743 1553 4792 monuit

195 4831 326 4882 Gustavus
345 4829 435 4897 Zippel
455 4829 505 4895 (die
523 4827 626 4895 Lonurg
647 4829 694 4880 dor
711 4831 919 4882 bonaudurt'seleen
937 4829 1107 4880 Ρτυίιοιιταία,
1131 4827 1291 4894 ltenigsberg
1313 4829 1384 4881 tata.
1408 4845 1431 4894 p.
1445 4831 1471 4894 ll)
1489 4844 1552 4894 quac

194 4919 224 4969 da
241 4933 337 4981 augure
350 4917 460 4968 Lentulo
478 4918 508 4966 ad
528 4932 550 4967 a.
564 4931 586 4982 p.
602 4919 627 4966 C.
642 4917 674 4967 22
688 4917 792 4968 'l'acitus
811 4916 835 4980 3,
854 4919 885 4966 52
905 4915 995 4980 relect,
1013 4915 1168 4966 nullomodo
1182 4915 1319 4967 dissociari
1338 4931 1412 4982 posse
1430 4931 1445 4964 a
1464 4932 1552 4967 narru-

1354 5000 1393 5056 9*
