3812 5580
332 369 395 434 134
925 363 958 432 V,
978 365 1084 418 sr-ca
1124 437 1125 442 Ἰ

327 549 359 610 16
376 547 544 611 universum
562 551 598 607 cl.
615 547 696 608 Suet.
713 545 786 624 Aug.
801 543 856 603 21:
881 544 1071 616 (1666661166
1088 546 1280 608 barbarorum
1299 550 1441 626 principes
1455 550 1486 607 r'n
1502 547 1570 607 cede
1587 545 1689 605 Mortis

326 655 431 714 ultoris
459 656 559 713 iurare
583 653 669 730 coepit
690 666 842 711 mansuros
864 667 893 710 sc
915 653 945 710 irc
966 649 1021 729 fide
1043 661 1069 710 et
1087 669 1160 729 poce
1182 668 1266 730 quom
1287 660 1423 728 peterent
1444 685 1485 693 -
1501 649 1687 728 Legationem

329 756 503 836 Scytharum
529 763 694 814 memorant
716 771 774 812 una
797 769 866 811 cum
882 749 980 811 lndica
1004 751 1162 812 Suetonius
1178 751 1282 812 Florus
1299 750 1421 812 Orosius
1445 761 1546 812 auctor
1568 751 1604 811 de
1620 749 1690 810 viris

327 858 501 931 illustribus,
531 858 732 919 Sarmatarum
760 855 865 915 Florus
895 862 926 916 et
953 863 1056 916 auctor
1084 853 1161 916 idem
1191 859 1229 930 (6.
1253 855 1287 915 ad
1314 856 1346 928 5,
1370 855 1438 932 56);
1466 853 1594 934 reliquae
1621 852 1692 914 alibi

327 981 386 1023 666
409 961 608 1022 nominantur.
644 960 832 1020 8661661661
850 957 951 1038 populi
965 957 1016 1037 qui
1032 957 1080 1018 hic
1095 968 1307 1020 enumerantur
1324 957 1561 1019 transdanuviani
1576 977 1690 1028 omnes,

328 1064 464 1149 recensiti
487 1063 590 1125 ordine
613 1065 672 1123 lere
696 1060 897 1142 geographico.
915 1097 952 1104 -
971 1059 1044 1122 Cum
1068 1060 1217 1123 Bastarnis
1241 1062 1389 1140 eregione
1405 1061 1529 1122 lloesiae
1545 1061 1692 1122 inferioris

331 1178 415 1230 trans
431 1166 594 1228 Danuvium
619 1164 794 1243 degentibus
817 1163 924 1226 bellum
949 1164 1040 1243 gessit
1062 1184 1087 1225 a.
1105 1164 1166 1225 725
1183 1165 1220 1226 M.
1237 1165 1360 1226 Cmssus
1385 1164 1616 1247 (11666136
1638 1165 1692 1225 1116

329 1274 379 1345 51,
396 1271 446 1332 23.
463 1269 520 1342 24;
543 1269 641 1330 Victor
663 1268 733 1348 epit.
751 1270 778 1340 1,
803 1267 845 1346 7).
861 1301 903 1310 -
920 1268 1043 1347 Scythae
1066 1267 1277 1347 intelleguntur
1300 1269 1363 1329 sine
1387 1268 1475 1330 dubio
1498 1268 1549 1347 qui
1560 1271 1693 1336 ,luerunt

328 1377 406 1437 inter
436 1372 600 1435 Danuvium
630 1382 659 1433 et
688 1371 902 1452 Borysthenem
931 1371 1119 1450 (6111666111
1143 1371 1174 1432 C.
1191 1373 1211 1432 l.
1229 1371 1313 1433 1162
1336 1392 1364 1452 p.
1382 1371 1445 1450 82).
1469 1408 1510 1416 -
1534 1373 1693 1444 Sarmatas,

329 1497 455 1559 quorum
480 1495 563 1556 reges
586 1476 673 1536 etiam
699 1473 1139 1554 11161660161666111666661.
1157 1475 1205 1536 Gr.
1223 1475 1306 1538 21165
1323 1487 1546 1549 commemorat,
1569 1476 1695 1554 Augusti

329 1592 421 1644 aetate
449 1589 604 1660 utramque
627 1578 734 1640 Tanais
761 1578 854 1658 ripam
884 1577 1015 1639 tenuisse
1038 1579 1268 1640 commentarius
1291 1579 1451 1658 siguificat,
1481 1579 1559 1659 quod
1582 1579 1696 1640 aceedit

329 1682 505 1746 testimoniis
527 1681 656 1742 collectis
678 1681 715 1742 ah
737 1681 840 1742 eodem
865 1679 1011 1741 Boeokhio
1034 1680 1053 1740 l.
1070 1701 1094 1740 c.
1112 1701 1140 1761 p.
1159 1681 1215 1754 833
1239 1701 1305 1743 nam
1330 1702 1397 1744 cum
1424 1683 1530 1744 Strabo
1552 1682 1581 1753 2,
1606 1685 1634 1754 5,
1652 1682 1693 1743 311

328 1807 357 1868 p.
376 1786 435 1848 128
460 1787 609 1847 Sarmatas
632 1771 769 1846 extendat
793 1803 885 1864 usquc
907 1784 942 1845 ad
966 1784 1076 1845 Tanain
1100 1795 1130 1844 et
1152 1785 1288 1864 paludem
1312 1785 1453 1858 lllaeotin,
1485 1795 1582 1847 16666
1604 1787 1694 1848 etiam

328 1891 405 1958 intra
428 1890 538 1951 Tanain
562 1898 591 1950 61
613 1889 775 1951 Caucasum
799 1907 849 1948 eos
873 1887 1034 1968 posteriore
1056 1907 1173 1968 666666
1197 1898 1290 1950 661616
1313 1888 1488 1950 habitavisse
1510 1889 1637 1950 efficitur
1660 1910 1696 1950 ex

332 1994 434 2056 Tacito
456 2013 523 2054 666.
539 1993 568 2065 6,
585 1992 635 2052 33.
678 1992 840 2053 Confirmat
861 1991 891 2052 id
913 1990 1027 2052 Plinius
1049 1991 1188 2053 adserens
1210 1991 1313 2071 degere
1336 2011 1386 2052 cos
1408 1991 1484 2052 eirca
1507 1991 1627 2052 Tanaim
1652 1991 1696 2069 (2,

333 2097 408 2170 108,
432 2097 504 2158 246.
527 2097 562 2168 6,
586 2097 619 2168 7,
644 2095 696 2174 19)
725 2095 759 2156 ad
789 2095 950 2156 Caucasum
981 2115 1073 2174 usque
1100 2095 1150 2174 (6,
1174 2097 1208 2165 5,
1234 2095 1446 2170 16.13,19).
1492 2097 1695 2156 Sarmatarum

331 2219 438 2263 nomen
462 2219 529 2261 cum
553 2199 649 2279 ipsum
673 2199 752 2278 apud
775 2205 876 2278 poetas
892 2197 1026 2276 aequales
1042 2217 1101 2258 666
1118 2199 1291 2278 reperiatur,
1315 2198 1470 2278 significari
1487 2198 1624 2260 ridentur
1640 2199 1697 2260 suh

331 2303 451 2366 nomine
478 2303 672 2375 6616666661,
705 2301 814 2380 661666
842 2302 949 2362 Graeca
981 2301 1121 2362 fabulatio
1150 2303 1249 2362 locum
1278 2301 1353 2363 circa
1383 2302 1493 2363 Tanain
1521 2302 1698 2364 adiudicavit

330 2407 498 2486 ibidemque
521 2406 624 2485 degere
647 2404 734 2466 etiam
751 2404 891 2480 lloratius
913 2404 1011 2466 innuit
1023 2403 1053 2484 ¹).
1084 2405 1210 2466 Gelonos
1225 2415 1256 2466 61
1271 2405 1414 2484 Vergilius
1430 2416 1564 2467 recenset
1578 2406 1649 2466 Aen.
1666 2407 1697 2478 8,

332 2511 393 2572 725
421 2510 497 2571 inter
524 2508 647 2590 populos
677 2509 819 2590 triumphi
842 2507 951 2570 Actiaci
981 2517 1011 2569 61
1032 2508 1169 2570 Horatius
1198 2509 1334 2582 666612,
1358 2511 1450 2570 9116.
1474 2509 1551 2571 inter
1578 2518 1697 2590 tropaea

332 2613 454 2694 Augusti
484 2614 679 2693 1166666666
703 2614 804 2692 posuit
824 2617 903 2674 intro
921 2616 1132 2693 praescriptum
1157 2612 1276 2674 Gelonos
1298 2618 1409 2693 estpars
1431 2617 1558 2694 equitare
1580 2619 1697 2694 campis,

332 2717 524 2796 similiterque
546 2717 577 2777 16
597 2715 727 2777 carmine
750 2716 778 2789 3,
795 2715 824 2789 8,
841 2715 880 2776 23
907 2716 1016 2796 scripto
1036 2717 1112 2778 circa
1133 2725 1249 2796 tempus
1274 2716 1341 2777 belli
1357 2717 1465 2779 Actiaci
1487 2722 1544 2779 1666
1566 2717 1698 2797 Scythae,

332 2822 438 2900 inquit,
461 2821 530 2883 lurco
553 2823 730 2882 meditaretur
752 2839 823 2881 urcrc
846 2822 942 2882 cedere
965 2824 1079 2900 campis,
1105 2829 1137 2881 61
1153 2829 1279 2900 utroque
1294 2819 1358 2880 loco
1374 2819 1519 2898 significet
1536 2819 1696 2882 terminum

333 2925 457 3004 aliquem
489 2922 629 2984 Sarmatis
662 2922 874 3003 praescriptum
909 2942 987 2996 esse,
1021 2943 1108 3002 quem
1136 2943 1196 2984 non
1223 2923 1407 2984 excederent.
1459 2922 1564 2985 Turonis
1591 2924 1701 2986 discors

334 3027 458 3106 denique
482 3025 511 3087 iu
536 3026 665 3087 carmine
687 3027 849 3086 eorundem
874 3045 1018 3087 annorum
1043 3025 1071 3098 3,
1088 3027 1139 3100 29,
1156 3025 1196 3087 28
1219 3029 1345 3087 16616666
1368 3045 1435 3087 cum
1459 3026 1559 3086 eadem
1578 3045 1609 3086 re
1625 3045 1700 3087 666-

334 3132 453 3194 1666166
476 3139 530 3192 661.
575 3130 690 3191 Certam
724 3126 995 3208 interpretationem
1019 3147 1118 3189 rerum
1142 3128 1300 3210 scriptores
1323 3147 1383 3190 666
1407 3129 1610 3210 suppeditant3
1635 3130 1699 3192 fieri

334 3243 446 3315 potest,
471 3243 503 3295 61
525 3235 647 3294 Crassus
670 3232 746 3293 hello
769 3252 818 3305 66,
842 3232 877 3292 do
901 3251 959 3310 quo
982 3231 1120 3304 (liumus,
1143 3232 1231 3294 etiam
1255 3253 1322 3294 eum
1348 3233 1490 3294 Sarmatis
1514 3233 1646 3295 tractarit
1669 3243 1701 3296 et

336 3338 480 3400 eiusmodi
501 3337 688 3404 condiciones
704 3336 740 3397 iis
756 3335 940 3416 imposuerit.
968 3335 1104 3397 Celerum
1122 3335 1312 3417 interpretem
1329 3346 1407 3398 recte
1424 3336 1541 3398 monuit
1556 3337 1701 3415 berghius

335 3462 364 3522 p.
383 3442 442 3502 115
466 3441 507 3502 616
531 3449 642 3502 vertere
664 3439 813 3502 debuisse:
837 3440 1017 3521 Σαρματῶν
1039 3441 1104 3500 coir
1124 3437 1264 3502 ἐπιτάδε
1284 3437 1431 3502 (incorr.
1452 3443 1488 3501 Τ.
1505 3461 1541 3502 rr.
1564 3437 1702 3502 καὶτῶν

337 3547 443 3627 πέραν
465 3543 624 3625 βασιλεῖς.
648 3579 687 3588 -
711 3544 889 3606 Albanorum
913 3562 1010 3623 regem
1026 3543 1256 3618 Pharnabazum,
1273 3544 1449 3606 lliberorum
1466 3544 1606 3606 Zoberem
1631 3544 1703 3607 ricit

336 3671 361 3711 6.
379 3649 440 3710 718
469 3647 587 3710 Antonii
615 3646 754 3727 auspiciis
781 3646 813 3707 P.
831 3647 969 3710 Canidius
991 3649 1114 3710 Crassus
1136 3648 1203 3727 (1116
1226 3649 1281 3722 49,
1306 3647 1374 3723 216
1404 3667 1472 3710 cum
1496 3650 1627 3728 Augusto
1656 3650 1703 3710 vel

337 3754 392 3814 hos
415 3752 460 3814 661
483 3753 588 3813 horum
613 3769 798 3812 successores
828 3750 1038 3813 commercium
1061 3751 1198 3812 hahuisse
1226 3769 1312 3812 nemo
1335 3761 1484 3832 praeterea
1509 3751 1628 3812 tradidit
1650 3751 1701 3828 (61.

337 3856 372 3919 ad
396 3857 485 3928 6,1).
524 3855 661 3916 Testatur
683 3863 781 3916 autem
798 3855 902 3917 Stmbo
925 3855 954 3928 6,
971 3854 1035 3928 4,2
1058 3875 1085 3934 p.
1102 3855 1164 3916 288
1188 3855 1345 3925 11666666,
1371 3855 1420 3917 661
1443 3855 1540 3930 661161,
1564 3856 1703 3917 dominos

338 3961 384 4022 his
407 3979 524 4040 quoque
547 3958 716 4020 nationibus
740 3959 818 4020 dare.
842 3993 879 4002 -
898 3957 938 4018 116
954 3957 1046 4019 Medis
1070 3957 1132 4018 vide
1155 3977 1229 4036 quae
1251 3977 1339 4038 supra
1362 3959 1537 4038 61199666.
1560 3959 1702 4021 diximus.

440 4197 461 4264 ¹)
480 4212 557 4248 curm.
573 4199 595 4258 3,
610 4197 634 4257 4,
647 4197 692 4245 35:
722 4198 804 4245 uicum
827 4196 987 4262 pharetratos
1008 4191 1112 4244 Gelonos
1129 4198 1153 4244 61
1171 4191 1317 4259 Scytbicum
1335 4194 1475 4245 1661616166
1492 4211 1599 4244 asareem.
1636 4195 1705 4262 Scy·

339 4285 397 4336 thne
420 4301 475 4334 cum
499 4273 723 4349 sput'vcrgitiutn
746 4281 819 4332 ruodo
843 4282 873 4330 ad
893 4281 971 4330 Oxum
991 4281 1151 4345 (661665),
1174 4282 1246 4331 modo
1270 4279 1300 4330 ad
1319 4279 1470 4330 1166611166
1491 4288 1588 4344 tgecrrg.
1603 4281 1705 4344 1,319)

340 4371 494 4433 referantur,
514 4377 541 4418 ut
560 4385 614 4418 eum
635 4369 792 4431 cogitavisse
811 4375 932 4434 appareat
951 4368 981 4417 de
999 4368 1120 4417 universa
1139 4367 1244 4433 Scythia
1264 4375 1312 4416 tam
1332 4367 1448 4416 Asiatica
1467 4382 1538 4432 quom
1560 4367 1705 4434 Corcyraea,

338 4458 404 4524 apud
424 4457 555 4507 llorotium
581 4462 607 4505 et
628 4455 739 4522 epitheta
761 4455 938 4521 campestrium
957 4452 1171 4520 profugoruruque
1194 4461 1220 4504 et
1239 4455 1302 4518 quod
1323 4452 1419 4503 Tanain
1440 4453 1585 4520 Scythicum
1604 4469 1704 4504 amnem

340 4545 412 4606 dicit,
435 4551 465 4592 ad
485 4542 612 4607 Europam
636 4543 742 4604 ducunt,
766 4541 964 4605 crediderimque
988 4541 1051 4607 npud
1074 4541 1140 4590 hune
1158 4548 1257 4606 poetam
1274 4541 1354 4604 magis
1373 4556 1443 4605 quam
1463 4539 1606 4602 Vergilium
1626 4542 1706 4591 etiam

339 4632 365 4682 16
392 4627 515 4679 sabulosis
535 4643 652 4678 verarum
677 4645 761 4678 rerum
780 4643 913 4678 memorem
932 4627 978 4676 sub
997 4641 1027 4676 eo
1046 4642 1142 4692 quoquc
1165 4627 1263 4676 nomine
1280 4627 1409 4678 Sarmatas
1429 4627 1586 4691 potissimum
1605 4627 1707 4690 signill-

343 4717 405 4767 cari.
446 4715 518 4780 Qucrd
540 4722 723 4781 componuntur
742 4731 796 4764 euru
819 4714 892 4764 llacis
912 4717 999 4777 (carm.
1020 4718 1044 4777 1,
1061 4713 1102 4775 35,
1121 4714 1156 4776 9),
1179 4712 1282 4763 Parthis
1304 4713 1389 4776 (eccur.
1407 4715 1428 4778 1,
1452 4715 1489 4775 19,
1509 4716 1546 4763 lb.
1565 4715 1590 4776 l,
1608 4715 1632 4776 5,
1650 4714 1707 4776 25),

342 4803 478 4854 Cantabris
497 4800 584 4866 (cartu.
599 4803 623 4863 2,
643 4805 682 4865 11,
704 4799 737 4869 1),
755 4800 882 4866 propriam
900 4799 1097 4851 communionem
1116 4800 1210 4850 nullam
1230 4797 1333 4849 iudicat.
