3798 5584
759 455 812 524 ΠῙι
831 457 937 513 22-28
1481 459 1522 524 63

170 631 257 715 capit,
280 633 376 713 qualia
391 632 547 715 Zumptius
568 632 722 715 proposuit
740 637 863 716 pecunia
883 655 969 718 αισα
986 653 1042 718 pro
1064 641 1149 718 σρτίι.
1167 671 1207 681 -
1226 635 1337 699 Deinde
1357 656 1384 698 r.
1400 635 1442 699 22
1457 645 1525 720 post

170 732 389 820 στρατιώταις
414 756 488 818 quae
516 745 601 800 antea
628 746 768 820 temptata
791 749 862 803 sunt
882 735 1065 823 κεφάλαιον
1086 740 1218 821 γέγονεν
1238 739 1467 823 pependimus
1488 739 1525 802 ab

169 839 308 920 llauptio,
331 835 514 922 κεφάλαιον
534 840 663 918 γέγονεν
685 837 766 905 αὐτὸ
786 839 822 904 do
836 838 965 921 Ἰταλίᾳ
979 861 996 905 a
1011 842 1144 924 Berghio,
1165 844 1224 906 iam
1240 843 1436 906 emendantur
1450 843 1524 906 duo·
1646 891 1648 894 -

169 942 226 1006 bus
253 943 395 1025 exemplis
424 943 530 1007 melius
556 953 586 1007 et
607 945 723 1026 plenius
745 944 836 1008 lectis.
860 982 900 994 -
922 945 1004 1008 Nona
1026 946 1130 1028 pagiua
1151 965 1231 1010 nunc
1252 946 1381 1028 primum
1404 946 1524 1009 accedit.

271 1045 334 1108 lloc
354 1047 420 1110 loco
442 1065 516 1127 quae
539 1046 705 1123 traduntur,
727 1058 812 1112 antea
834 1049 892 1112 iam
915 1048 951 1112 de
970 1049 1109 1132 praemiis
1124 1049 1251 1113 militum
1274 1049 1422 1114 disserens
1440 1053 1467 1125 1,
1485 1053 1523 1112 17

169 1148 307 1230 princeps
342 1150 452 1231 tetigit,
483 1151 532 1214 hio
560 1151 731 1233 explicatius
755 1153 881 1216 redeunt
905 1153 982 1216 inter
1007 1152 1195 1217 liberalitates
1222 1153 1333 1217 civibus
1361 1154 1523 1235 praeseus

168 1251 334 1318 Narrantur
361 1261 460 1316 autem
483 1253 626 1316 hocloco
648 1255 722 1318 duae
744 1275 800 1330 res,
822 1275 948 1337 quarum
971 1256 1052 1340 prior
1072 1256 1200 1338 pertinet
1220 1257 1257 1319 ad
1279 1276 1305 1319 a.
1328 1259 1407 1331 714,
1435 1258 1524 1322 altera

168 1353 205 1416 ad
231 1374 257 1418 a.
282 1357 355 1418 740.
397 1356 484 1419 Anno
505 1355 567 1418 724
588 1356 739 1438 Augustus
765 1359 867 1423 scribit
889 1379 920 1423 se
943 1359 1085 1424 militibus
1107 1359 1304 1440 adsignavisse
1326 1359 1442 1442 praedia
1463 1361 1523 1424 lta·

168 1458 223 1522 lica
267 1467 297 1520 et
337 1477 392 1540 pro
428 1460 471 1524 eis
514 1479 686 1525 numerasse
726 1462 895 1546 municipiis
931 1465 1099 1526 sestertium
1137 1462 1253 1526 circiter
1288 1463 1382 1525 sexies
1418 1463 1524 1528 millies

169 1561 415 1642 toouuouuoo).
460 1562 534 1626 Cum
560 1563 608 1626 his
630 1566 831 1646 componenda
854 1575 940 1641 aunt,
969 1585 1044 1647 quae
1065 1565 1100 1628 de
1122 1564 1261 1646 praemiis
1283 1569 1351 1646 'post
1372 1557 1523 1629 victoriam

167 1665 317 1728 Actiacam
339 1665 483 1730 militibus
497 1667 654 1748 persolutis
670 1678 804 1732 auctores
820 1671 1014 1734 tradiderunt.
1050 1669 1184 1743 Quorum
1207 1666 1258 1748 qui
1273 1685 1373 1730 rerum
1389 1668 1522 1731 ordinem

168 1769 289 1851 reliquis
311 1770 427 1852 plenius
449 1779 565 1833 enarrat
583 1770 640 1840 Dio
661 1773 726 1853 (51,
742 1772 771 1834 3.
787 1771 821 1853 4)
843 1773 995 1836 Gaesarem
1010 1771 1113 1835 scribit
1127 1780 1196 1852 post
1209 1770 1361 1834 victoriam
1375 1771 1522 1834 Actiacam

170 1872 244 1948 (723
261 1873 342 1956 Sept.
360 1873 393 1956 2)
406 1883 559 1937 veteranos
575 1883 635 1938 tam
651 1875 698 1937 sui
712 1876 857 1940 exercitus
872 1895 961 1959 quam
977 1875 1135 1940 Antoniani
1156 1875 1188 1937 in
1202 1873 1314 1938 ltaliam
1331 1874 1522 1956 allegorian,

170 1977 274 2040 deinde
295 1995 364 2040 oum
385 1977 428 2040 illi
450 1978 562 2042 traiecti
584 1978 616 2040 in
637 1977 749 2042 ltaliam
771 1998 867 2062 neque
890 1989 987 2044 tamen
1010 1979 1123 2042 dimissi
1145 1978 1228 2058 (uam
1250 1978 1380 2060 praemia
1403 1987 1433 2042 et
1447 1978 1522 2042 mis·

168 2081 282 2145 sionem
310 2082 470 2163 poscebant
496 2091 571 2146 testo
594 2082 736 2146 Suetonio
757 2083 832 2165 hug.
856 2083 908 2164 17)
936 2083 1204 2156 tumultuarentur,
1233 2081 1377 2163 principio
1405 2099 1431 2144 a.
1458 2082 1521 2143 724

168 2185 359 2250 Brundisium
386 2187 540 2249 advectum
569 2205 617 2249 res
645 2185 687 2249 ita
713 2187 906 2262 ordinavisse,
935 2197 970 2250 ut
995 2183 1204 2249 vetustissimis
1230 2193 1260 2248 et
1286 2183 1348 2247 suis
1376 2185 1521 2248 militibus

170 2290 277 2372 oppida
298 2290 395 2353 ltalica
418 2290 584 2372 adsignaret
604 2309 638 2354 ea
660 2289 771 2354 sedicet
792 2309 866 2372 quae
881 2289 1008 2353 Antonio
1030 2290 1170 2352 lavissent
1192 2287 1279 2367 (τοὺς
1300 2283 1424 2371 δήμους
1448 2285 1523 2362 τούς

167 2390 200 2456 ἐν
237 2393 279 2482 τῇ
314 2389 439 2473 Ἰταλίᾳ
475 2389 552 2468 τούς
588 2394 629 2457 τὰ
668 2397 727 2458 τοῦ
756 2390 932 2460 Ἀντωνίου
977 2390 1206 2476 φρονήσαντας
1245 2390 1412 2466 ἐξοικίσας
1451 2399 1523 2464 τοῖς

167 2489 385 2579 στρατιώταις
405 2492 465 2571 τάς
485 2519 520 2560 τι
541 2493 659 2572 πόλεις
679 2497 735 2560 καὶ
757 2495 799 2560 τὰ
819 2499 925 2580 χωρία
944 2490 1053 2560 αὐτῶν
1074 2493 1275 2578 ἐχαρίσατο),
1297 2494 1417 2575 reliquis
1431 2513 1522 2576 pecu·

168 2598 216 2661 nia
250 2598 444 2674 satislaceret,
477 2599 624 2662 veteribus
657 2610 757 2664 autem
789 2599 1010 2682 possessoribus
1043 2598 1150 2664 Italicis
1177 2601 1284 2682 partim
1314 2598 1464 2680 Dyrrachii
1492 2606 1522 2660 et

167 2699 308 2784 Philippis
330 2700 456 2783 alibique
478 2703 508 2765 in
530 2703 687 2784 provinciis
708 2723 794 2784 agros
816 2705 959 2777 redderet,
982 2702 1088 2784 partim
1112 2703 1265 2785 pecuniam
1288 2721 1343 2784 pro
1358 2701 1435 2782 agris
1449 2719 1521 2782 pro·

167 2806 306 2880 mitteret,
328 2825 403 2889 quaa
425 2806 548 2888 pecunia
577 2817 645 2888 post
660 2818 785 2890 'captam
810 2809 974 2892 Aegyptum
1000 2807 1121 2868 demum
1149 2806 1298 2888 persoluta
1324 2814 1378 2868 est.
1426 2803 1520 2865 Etiam

167 2909 290 2974 Orosius
306 2909 335 2984 6,
353 2911 402 2984 19,
420 2911 473 2972 14:
499 2909 613 2986 doceor,
635 2911 740 2993 iuquit,
763 2923 897 2995 mortum
910 2958 916 2973 .
931 2958 938 2974 .
952 2956 959 2973 .
975 2911 1073 2976 comet
1093 2909 1282 2972 Brundisium
1296 2908 1435 2971 boninitas·
1447 2906 1523 2969 orbis

167 3023 313 3077 teronem
338 3015 485 3094 metudio
514 3015 612 3078 dicimo
640 3015 794 3098 iepimu'bos
820 3019 983 3097 composuit.
1028 3015 1147 3096 Spectat
1168 3013 1295 3092 denique
1317 3013 1378 3074 hue
1399 3009 1522 3072 adnota-

167 3118 280 3180 tionum
308 3117 434 3180 duarum
456 3117 689 3181 Eusebianarum
718 3119 754 3181 ad
781 3139 807 3182 a.
830 3119 899 3182 dhr.
925 3117 1005 3181 1985
1027 3115 1126 3199 (1984
1147 3116 1238 3189 iiior.)
1268 3115 1328 3178 sire
1355 3113 1437 3177 urbis
1460 3112 1521 3174 713

166 3221 245 3301 (side
259 3240 288 3303 p.
308 3221 375 3297 14);
397 3220 523 3284 11στιαα1
542 3221 667 3286 colonius
689 3223 871 3288 &deamat
892 3220 979 3286 etad
1000 3241 1027 3284 a.
1041 3220 1111 3284 dbr.
1129 3221 1208 3283 1991
1234 3218 1330 3296 (1989
1345 3217 1438 3296 Hier.)
1461 3215 1522 3279 aive

166 3325 247 3388 urbis
274 3322 351 3388 729:
378 3325 503 3388 coloniae
532 3325 667 3389 deductae
694 3337 761 3389 aunt
786 3328 891 3402 altera3
917 3344 986 3390 uam
1015 3323 1096 3405 prior
1117 3323 1226 3407 pariter
1247 3323 1311 3385 loco
1334 3329 1412 3384 mota
1435 3329 1522 3400 atque

166 3427 261 3491 oratio
290 3432 328 3502 (r.
350 3427 386 3490 ad
411 3429 439 3502 1,
455 3427 509 3508 at.)
536 3428 664 3509 pertinet
691 3430 727 3493 ad
754 3431 882 3494 colonias
904 3437 972 3511 post
993 3427 1144 3491 victoriam
1167 3426 1388 3507 Philippensem
1409 3422 1521 3487 cousti-

167 3541 254 3596 tutae.
298 3531 413 3595 Curtius
434 3540 533 3595 autam
554 3541 586 3595 et
604 3532 783 3597 luculentius
798 3552 886 3614 quam
902 3549 1002 3594 rerum
1018 3532 1176 3613 scriptores
1190 3549 1254 3592 rem
1270 3527 1407 3612 patelaoit
1420 3536 1523 3590 auctor

166 3635 344 3716 gromatious
366 3635 497 3716 Hyginus
520 3637 556 3699 de
577 3635 639 3698 lim.
662 3654 691 3717 p.
716 3637 775 3698 177
797 3635 931 3699 Lachm:
962 3635 1044 3697 diuos
1066 3635 1208 3716 Αιιριιιίια
1232 3632 1402 3714 [postquem]
1426 3632 1522 3710 ασαρ-

165 3743 244 3802 ncrn't
265 3739 330 3802 orbi
347 3749 494 3802 terranem
511 3759 611 3821 pacem
633 3739 675 3822 (id
691 3748 737 3802 est
751 3747 818 3821 post
833 3738 1008 3802 debellatum
1023 3736 1185 3800 Antonium
1200 3735 1363 3815 Ianumque
1377 3733 1521 3806 clausum,

166 3861 192 3904 r.
221 3841 396 3921 111113),
424 3847 578 3915 coercitus,
608 3847 660 3925 pati
684 3853 735 3906 uret
760 3843 812 3905 auh
836 3841 957 3904 Antonio
985 3853 1035 3905 out
1055 3840 1107 3902 sub
1129 3839 1233 3920 lepido
1254 3838 1448 3901 militaverunt
1470 3837 1520 3912 (ci.

166 3945 219 4007 llio
241 3945 327 4020 51,3
349 3945 457 4022 initio),
478 3951 589 4028 puriter
610 3957 781 4010 eiecturum
803 3945 946 4026 lepioocm
967 3944 1069 4008 milites
1091 3942 1205 4006 colonos
1225 3944 1293 4024 [ecit
1314 3943 1386 4004 ulios
1406 3944 1439 4003 in
1457 3938 1522 4002 lto·

166 4047 207 4112 lio
228 4049 300 4112 aiios
320 4053 351 4114 io
369 4054 539 4132 provinciis:
566 4049 735 4133 quibusdam
757 4049 855 4112 deletis
876 4049 998 4112 bostium
1020 4047 1177 4111 dudetdm
1197 4044 1394 4108 novecertus
1416 4045 1520 4106 cormi-

166 4157 236 4227 tuit;
264 4153 401 4235 quosdam
429 4154 478 4232 [iol
505 4155 646 4218 veteribus
673 4153 782 4234 oppidio
804 4153 922 4216 deducit
942 4162 968 4214 et
991 4151 1103 4214 colonos
1124 4153 1298 4223 commosin
1323 4147 1391 4211 eiius
1412 4164 1521 4230 paupere

166 4255 250 4320 urbes
279 4276 352 4340 petua
374 4257 508 4320 munuae
531 4277 550 4320 o
570 4257 680 4339 repibau
701 4266 752 4318 out
775 4255 957 4318 dictatoribus
978 4256 1112 4336 sumunt,
1142 4273 1212 4335 quus
1234 4251 1374 4316 cetimum
1395 4251 1522 4313 duilium

166 4363 341 4424 mormacus
367 4361 555 4434 cobomerot,
584 4362 651 4424 doto
678 4364 783 4422 iterum
810 4358 937 4422 edonias
956 4362 1071 4421 meaios
1093 4374 1213 4420 numero
1235 4359 1339 4419 αοαισι
1361 4354 1520 4435 ampliabo,

167 4465 305 4546 quaedum
331 4473 357 4526 et
377 4465 492 4546 finibus.
515 4499 552 4510 —-
577 4464 802 4545 ademptionem
825 4462 916 4543 igitur
937 4481 1006 4524 oum
1029 4461 1175 4524 triumviri
1196 4460 1236 4522 ita
1257 4457 1465 4533 instituissent,
1488 4464 1523 4520 ut

167 4567 238 4630 nulli
267 4566 425 4649 quicquam
454 4586 509 4649 pro
534 4585 604 4649 agro
633 4575 733 4649 erepto
762 4565 967 4644 redderent¹),
998 4564 1104 4627 Caesar
1129 4562 1170 4625 ita
1192 4562 1378 4644 temperavit,
1411 4569 1446 4624 ut
1467 4578 1521 4641 pro

265 4811 290 4875 ¹)
305 4808 363 4862 Noa
382 4809 468 4861 obstat
491 4823 554 4876 quaa
572 4809 682 4874 horstio
709 4808 812 4859 obstare
835 4807 894 4859 visa
917 4815 959 4858 est
981 4806 1096 4858 ruratio
1113 4803 1202 4856 liiools
1224 4805 1267 4869 ta,
1280 4805 1312 4857 11
1329 4803 1361 4855 ad
1378 4817 1403 4854 a.
1422 4802 1471 4854 718
1489 4802 1520 4854 de

168 4897 344 4962 adsignatione
362 4896 532 4949 triumvirali:
550 4895 596 4948 καί
614 4892 645 4947 τὸ
663 4892 715 4964 μὲν
737 4886 869 4962 ἀργύριον
886 4889 998 4960 αὐτίκα,
1020 4887 1069 4958 τὴν
1086 4889 1115 4944 δὲ
1127 4886 1225 4960 χώραν
1241 4885 1273 4942 οὐ
1291 4887 1386 4956 πολλα·
1407 4884 1521 4960 ὕστερον
