3798 5584
319 411 382 475 114
913 409 947 475 V,
966 409 1070 464 24-31

316 585 480 667 βασιλέως
503 583 609 668 ὄνομα
631 585 664 660 ἒς
685 586 745 670 τὴν
765 585 944 672 ἐπιστολὴν
966 586 1010 671 μὴ
1032 581 1204 670 ἐγγράψας
1225 585 1280 648 καί
1302 583 1361 669 τὴν
1376 581 1550 666 βασιλείαν
1565 584 1672 669 δῆθεν

316 689 394 772 παρ’
416 685 516 752 abaci
538 685 652 777 ᾔτησε·
679 685 808 763 τούτοις
829 683 888 753 οὖν
909 686 1077 768 ὑπαχθεὶς
1097 689 1152 752 καὶ
1174 687 1232 752 τὸν
1254 683 1402 770 πόλεμον
1417 681 1486 770 ἅμα
1501 688 1564 749 τάν
1580 683 1672 768 Πάρ-

316 793 391 856 θων
413 792 579 875 φοβηθεὶς
606 792 648 857 τά
673 817 709 856 τε
738 792 830 876 δῶρα
855 791 988 865 ἐδέξατο
1011 793 1068 856 καὶ
1089 793 1159 875 μετ’
1181 789 1329 857 ἐλπίδων
1350 783 1450 853 αὐτὸν
1471 791 1618 873 χρηστῶν
1639 787 1674 864 ἐς

316 893 374 978 τὴν
395 897 520 979 Συρίαν
546 894 630 978 πρὸς
656 895 713 958 τὸν
739 893 839 960 Γάιον
865 894 981 960 ἐλθεῖν
1011 894 1184 978 ἐκέλευσε).
1229 895 1286 957 Sed
1312 903 1380 955 ante
1406 913 1494 973 quam
1518 893 1607 956 Gaius
1636 912 1673 955 eo

316 997 404 1070 venit,
428 997 567 1078 Tigranes
589 999 619 1060 in
642 999 752 1080 proelio
767 1009 868 1062 contra
885 1000 1024 1062 barbaros
1038 1001 1197 1062 commisso
1211 999 1384 1060 interfectus
1399 1005 1453 1070 est,
1469 997 1557 1060 Erato
1572 1007 1673 1060 autem

315 1120 405 1180 regno
435 1121 466 1164 se
492 1103 636 1165 abdicavit
663 1103 727 1178 (Dio
751 1105 894 1178 55‚1o.:
922 1106 1042 1185 καίπερ
1069 1103 1128 1166 τοῦ
1155 1098 1318 1184 Τιγράνου
1346 1098 1382 1163 ἔτι
1409 1098 1558 1183 πολέμου
1584 1100 1675 1174 τινὸς

316 1327 376 1370 non
398 1327 413 1370 a
436 1307 553 1369 Parthis
574 1308 656 1389 ipsis,
679 1318 757 1371 certe
779 1309 986 1389 instigantibus
1009 1310 1045 1372 iis
1068 1313 1177 1372 lactum
1193 1316 1253 1382 est3
1276 1323 1344 1368 uam
1360 1315 1517 1387 postquam
1532 1306 1674 1388 Tigranes

316 1412 449 1491 Augusto
471 1431 503 1473 se
525 1411 663 1486 subiecit,
686 1423 917 1476 consentaneum
939 1423 986 1476 eat
1007 1413 1182 1475 Parthorum
1205 1410 1364 1472 factionem
1386 1429 1454 1472 eum
1476 1411 1674 1473 adversariam

316 1515 463 1578 habuisse.
511 1517 651 1596 Spectant
677 1537 711 1578 eo
738 1516 825 1578 verba
852 1516 961 1597 quibus
988 1515 1109 1577 Ovidius
1138 1515 1170 1577 in
1191 1514 1262 1576 artis
1290 1513 1447 1576 amatoriae
1472 1513 1549 1575 libro
1575 1514 1674 1595 primo

317 1617 356 1696 (v.
382 1617 454 1694 195)
482 1618 560 1680 edito
587 1636 615 1679 a.
638 1617 699 1679 752
727 1620 830 1681 Gaium
857 1619 1024 1699 adloquitur
1051 1618 1156 1679 ducem
1179 1617 1359 1680 destinatum
1381 1618 1574 1699 expeditionis
1597 1639 1676 1699 quae

316 1721 474 1801 parabatur
500 1720 532 1782 in
553 1720 739 1784 Armeniam:
770 1742 834 1784 cam
856 1723 909 1784 tibi
927 1727 985 1784 rint
1005 1724 1123 1802 (ratres,
1146 1723 1256 1801 fratres
1277 1721 1411 1784 otonem
1433 1721 1532 1793 laesae,
1555 1741 1676 1804 camqroe

313 1835 398 1905 pater
419 1825 471 1886 tibi
488 1829 533 1898 eit,
554 1829 622 1888 iero
636 1836 715 1889 tuere
726 1831 833 1907 patris:
856 1828 951 1889 induit
966 1844 1050 1888 οιιιιο
1064 1827 1117 1887 tibi
1127 1829 1239 1904 qeottor
1253 1828 1416 1906 patriaeque
1432 1835 1568 1906 πάρισα
1589 1825 1677 1887 bostis

316 1928 352 1989 ab
374 1932 463 1990 invita
485 1947 575 2009 rcqoa
592 1940 713 2009 parente
734 1934 819 2011 rapit.
851 1929 951 1991 Parthi
972 1929 1063 2008 igitur
1084 1949 1101 1990 a
1122 1928 1262 1990 Romanis
1277 1927 1471 2008 culpabantur
1484 1927 1514 1988 in
1530 1928 1674 1990 Armenia

316 2040 346 2093 et
366 2031 458 2111 patris
480 2031 526 2094 ius
548 2041 579 2094 et
599 2035 723 2094 fratrum
746 2033 879 2109 laesisse3
900 2032 952 2094 ubi
966 2035 1071 2094 tratres
1092 2031 1229 2094 ridentur
1243 2051 1307 2094 esse
1323 2031 1463 2111 Tigranes
1478 2030 1515 2093 tv
1530 2040 1560 2093 et
1575 2031 1675 2106 Erato,

317 2143 400 2215 pater
427 2135 505 2197 idem
528 2134 682 2215 Tigranes,
709 2136 883 2199 Phraataees
910 2136 1077 2198 insimulari
1103 2137 1168 2198 illos
1197 2154 1287 2216 reguo
1316 2136 1431 2215 privare
1458 2134 1529 2196 velle
1551 2143 1675 2197 etcum

316 2236 353 2299 iis
381 2237 502 2319 stirpem
526 2238 659 2318 Tigranis
685 2238 749 2301 loco
777 2247 900 2320 paterno
927 2239 1044 2318 pellere.
1089 2238 1162 2300 Utut
1190 2249 1235 2300 est
1261 2240 1344 2319 (nam
1366 2238 1397 2298 id
1418 2237 1516 2318 ipsum
1539 2239 1618 2318 qnod
1641 2239 1676 2300 in

318 2350 416 2402 mente
443 2341 547 2403 habuit
572 2351 672 2422 pocta,
704 2341 789 2404 nobis
816 2360 876 2403 non
898 2342 998 2404 datum
1022 2350 1067 2403 est
1088 2341 1240 2422 adsequi),
1269 2342 1420 2422 Augustus
1442 2359 1509 2402 cum
1533 2353 1675 2404 extraneo

318 2443 385 2505 duci
406 2443 608 2506 Armeniacum
639 2445 853 2526 expeditionem
879 2445 1049 2526 permittere
1078 2445 1169 2508 nollet
1194 2445 1334 2522 (Zonaras
1364 2446 1412 2518 10,
1428 2443 1484 2506 26:
1512 2444 1575 2506 coia
1601 2439 1676 2526 Ἀρ-

317 2546 439 2627 μενίων
466 2543 503 2608 δὲ
525 2545 789 2628 νεωτερισάντων
810 2548 867 2610 καὶ
889 2548 954 2611 τῶν
978 2544 1127 2630 Πάρθων
1156 2541 1271 2620 αὐτοῖς
1297 2541 1538 2626 συνεργούντων
1565 2541 1678 2624 ἀλγῶν

316 2643 376 2712 ἐπὶ
405 2648 533 2723 roacare
563 2646 581 2712 δ
608 2647 801 2729 Αὔγουστος
825 2643 948 2735 η’πόρει
970 2652 1003 2712 τί
1031 2647 1073 2714 ἄν
1099 2647 1227 2734 πράξῃ·
1258 2645 1332 2713 οὔτε
1361 2647 1422 2732 γάρ
1451 2643 1548 2723 αὐτὸς
1576 2665 1678 2733 στρα-

316 2752 431 2815 τεῦσαι
460 2735 529 2824 οἷος
557 2775 593 2815 τε
613 2746 653 2836 ἡν
674 2751 734 2815 διὰ
754 2755 868 2839 γῆρας,
900 2749 920 2816 δ
942 2776 976 2816 τε
1003 2755 1156 2835 Τιβέριος
1254 2755 1390 2836 μετέστη
1414 2750 1491 2837 ἤδη,
1515 2751 1615 2817 ἄλλον
1637 2751 1678 2816 δέ

316 2877 390 2919 τινα
411 2858 548 2940 πέμψαι
571 2856 799 2922 reinducenda
814 2852 873 2922 οὐκ
887 2855 1034 2940 ἐτόλμα),
1059 2867 1176 2920 coactus
1192 2877 1245 2938 per
1259 2857 1376 2939 aliquod
1391 2867 1508 2940 tempus
1523 2859 1677 2939 quiescere

317 2979 343 3022 a.
359 2960 480 3024 demum
503 2960 574 3036 753,
597 2981 664 3024 cum
689 2963 777 3025 Gaius
799 2963 877 3026 tilius
900 2960 1072 3023 vicesimum
1095 2980 1205 3023 anuum
1228 2961 1387 3041 attigisset,
1415 2981 1484 3048 eum
1505 2962 1537 3023 in
1559 2962 1676 3042 Syriam

317 3065 407 3126 misit.
452 3065 512 3126 Iam
539 3084 608 3128 vero
637 3085 705 3128 cum
728 3076 797 3129 ante
818 3067 976 3128 adventum
999 3065 1062 3126 eius
1085 3074 1115 3126 et
1135 3064 1309 3127 Artavasdes
1330 3064 1453 3127 obiisset
1474 3075 1504 3128 et
1525 3065 1676 3146 Tigranes,

317 3168 423 3241 Gaius,
454 3175 488 3229 ut
512 3168 554 3230 ait
580 3169 731 3250 Augustus
757 3170 834 3252 ipse,
870 3169 1039 3232 Armeniam
1065 3170 1222 3248 regendam
1252 3169 1372 3232 tradidit
1400 3168 1587 3231 Ariobarzani
1614 3169 1677 3248 regi

317 3271 470 3333 Medorum
493 3273 568 3351 regis
589 3273 758 3336 Artauasdis
780 3273 840 3335 lilio
863 3273 889 3335 ei
911 3273 947 3333 de
970 3291 1029 3351 quo
1051 3290 1140 3354 supra
1163 3273 1299 3334 diximus.
1337 3272 1533 3335 Consentiunt
1555 3272 1676 3335 Tacitus

317 3393 385 3435 ann.
409 3373 440 3448 2,
461 3374 498 3434 3:
529 3373 560 3434 0.
585 3373 692 3436 Caesar
788 3376 1013 3439 Ariobarzanem
1044 3380 1151 3456 orr'qr'ue
1182 3374 1298 3438 Μοάυιιι
1325 3377 1358 3438 ob
1386 3380 1524 3456 iruiqracrn
1550 3381 1678 3456 corpora

316 3479 443 3557 somnam
469 3487 495 3538 et
519 3478 705 3557 praeclaram
730 3483 858 3542 animam
882 3479 1041 3542 volentibus
1064 3479 1205 3542 Armeniis
1232 3481 1370 3559 praefecit
1399 3490 1429 3541 et
1450 3479 1480 3540 in
1504 3480 1676 3541 universum

318 3579 532 3654 nio55‚10.:
561 3576 594 3642 oi
604 3575 773 3663 Ἀρμένιοι
795 3577 1091 3663 ..Ἀριοβαρζάνει
1114 3581 1180 3644 τινί
1206 3577 1326 3664 Μήδῳ,
1351 3576 1386 3654 ὅς
1409 3602 1491 3644 ποτε
1512 3581 1595 3664 μετὰ
1617 3583 1678 3646 τοῦ

323 3680 503 3763 Τιριδάτου
531 3681 614 3766 πρὸς
641 3683 717 3758 τοὺς
740 3682 921 3768 Ῥωμαίους
953 3681 1076 3767 άφΐιιτο
1109 3683 1348 3766 παρεδίδοντο,
1382 3705 1561 3767 quamquam
1593 3687 1678 3750 huuc

317 3797 438 3876 apparet
458 3787 637 3868 ignoravisse
659 3808 728 3852 eum
750 3808 811 3851 non
835 3789 966 3851 ‘bledam
989 3788 1148 3869 quendam’
1172 3788 1278 3863 luisse,
1308 3791 1359 3852 sed
1381 3790 1492 3852 Mediae
1513 3809 1622 3871 regem,
1644 3801 1678 3854 et

318 3892 365 3953 vix
394 3911 496 3953 rerum
523 3891 643 3954 tradidit
665 3893 701 3955 de
723 3893 787 3956 eius
810 3912 879 3956 cum
901 3891 1030 3953 Tiridate
1051 3893 1088 3954 ad
1109 3892 1257 3954 Romanos
1280 3893 1416 3956 adventu.
1460 3894 1532 3955 Nam
1561 3893 1676 3956 venisse

318 3996 354 4058 ad
376 3996 542 4076 Augustum
571 4015 639 4058 enm
670 4006 897 4059 consentaneum
921 4005 966 4058 est
988 4014 1055 4057 cum
1079 4004 1160 4076 patre
1182 3995 1340 4058 Artarawe
1366 4016 1392 4058 a.
1416 3996 1491 4072 724,
1519 4017 1580 4060 non
1605 4008 1677 4079 post

318 4107 457 4180 quattuor
491 4103 551 4160 lere
580 4118 674 4162 annos
706 4120 774 4163 cum
803 4101 931 4162 Tiridate
958 4099 1080 4173 Partb03
1113 4099 1285 4180 videturque
1313 4101 1360 4162 bie
1389 4119 1471 4163 error
1498 4101 1677 4164 coniunctus

318 4223 383 4264 esse
410 4223 477 4266 cum
505 4203 595 4264 altero
624 4202 726 4266 Dionis
755 4207 854 4286 lugam
884 4203 1021 4267 Tiridatis
1049 4207 1193 4266 referente
1223 4203 1259 4266 ad
1287 4223 1312 4265 a.
1337 4206 1407 4266 724.
1451 4205 1547 4286 Elegit
1574 4215 1676 4270 autem

318 4307 468 4386 Augustus
490 4325 558 4368 eum
581 4309 769 4388 potissimum
792 4328 852 4371 non
876 4310 971 4372 solum
992 4308 1030 4370 ob
1045 4327 1093 4370 eas
1109 4326 1221 4381 causas,
1244 4327 1317 4388 quas
1339 4308 1458 4371 Tacitus
1480 4309 1597 4383 indicat,
1622 4312 1676 4372 sed

319 4419 466 4491 praeterea
498 4409 576 4489 quod
600 4410 690 4491 stirps
711 4412 790 4492 regia
813 4412 965 4475 Medorum
988 4431 1056 4474 cunr
1078 4411 1216 4473 Armenia
1239 4419 1302 4473 tum
1325 4410 1460 4472 videlicet
1481 4411 1608 4474 extincta
1629 4415 1678 4474 al-

285 4529 289 4538 ’
319 4512 385 4574 linis
407 4520 470 4574 erat
492 4515 530 4585 (r.
548 4514 702 4577 Strabonis
725 4516 811 4578 verba
833 4535 921 4597 supra
944 4536 972 4597 p.
988 4516 1047 4577 110
1070 4515 1163 4577 adlata
1179 4514 1283 4576 collato
1298 4514 1362 4576 loco
1377 4515 1511 4576 Suetonii
1525 4514 1599 4595 Aug.
1615 4515 1675 4578 48:

318 4635 398 4697 reqes
423 4619 511 4677 socios
540 4622 624 4679 ettam
652 4623 726 4681 inter
751 4624 824 4700 ipsas
845 4621 1096 4683 necessitudinibus
1117 4622 1225 4680 motuis
1245 4622 1351 4692 ιὐυωίι,
1370 4623 1596 4698 prornqttsstmos
1620 4621 1678 4682 ad-

319 4721 436 4803 finitatis
462 4725 595 4803 eotaqie
624 4733 707 4804 atque
734 4726 872 4785 oma'eitioe
901 4723 1065 4785 enuntiator
1093 4733 1118 4785 et
1145 4722 1260 4802 santa)
1282 4733 1313 4783 et
1334 4720 1413 4801 quod
1435 4740 1529 4801 nuper
1551 4721 1678 4784 Artanes

320 4835 377 4888 tam
393 4825 548 4888 Armeniae
570 4845 657 4905 quam
674 4826 783 4889 Mediae
798 4825 1022 4906 imperitaverat.
1052 4824 1276 4887 Ariobarzanem
1291 4825 1370 4905 quod
1385 4823 1551 4887 volentibus
1565 4825 1675 4886 Arme-
