3812 5580
322 459 385 522 190
855 447 1146 506 carnocnmma

321 644 380 696 tam
417 634 531 695 numeri
563 651 651 712 quam
685 650 759 711 quae
788 639 859 692 sunt
885 631 1046 694 consulibua
1073 640 1103 692 et
1130 635 1289 694 sestertium
1316 650 1495 711 quamquam
1525 631 1679 711 aliquoties

320 747 434 812 notata,
467 736 653 816 frequentius
684 733 876 796 inveniuntur
907 737 1069 815 perscripta
1098 736 1137 816 (r.
1161 735 1285 797 indicem
1314 735 1499 814 verborum);
1528 743 1679 816 praeterea

320 849 419 902 autem
450 839 624 920 compendia
654 838 734 899 nulla
767 837 874 898 adsunt
905 837 952 898 vel
977 839 1106 901 adfuisse
1133 839 1269 901 videntur
1295 838 1352 900 nisi
1378 858 1400 900 s.
1422 858 1446 900 c.
1475 839 1568 900 semel
1593 857 1622 900 m
1642 857 1679 912 aa,

320 943 390 1026 lup.
414 952 495 1005 certo
516 962 545 1003 vr
560 959 586 1002 ιι
608 942 640 1003 in
663 942 721 1003 fine
743 959 854 1014 versus,
876 943 1000 1002 tortasse
1022 942 1092 1004 item
1113 960 1142 1004 rr
1161 963 1196 1005 rc.
1225 942 1344 1003 Accedit
1357 940 1512 1024 lium(uni)
1527 941 1558 1003 in
1573 939 1680 1002 indicis

319 1049 380 1108 ul
405 1055 536 1109 extremo
565 1054 594 1108 et
616 1045 646 1106 in
671 1053 753 1126 parte
776 1045 884 1107 Graeca
906 1063 965 1110 mr
986 1065 1125 1108 narona·
1147 1045 1178 1106 in
1204 1046 1262 1106 ime
1285 1064 1387 1106 versus
1409 1044 1504 1125 spatio
1527 1042 1680 1106 deficiente

320 1149 449 1231 positum
483 1169 537 1230 pro
570 1145 745 1228 παρόντος.
778 1182 821 1192 -
849 1148 1087 1228 Uniuseuiusque
1114 1148 1217 1228 capitis
1244 1148 1340 1210 littera
1367 1151 1462 1230 prima
1490 1149 1614 1223 eminet3
1648 1147 1680 1208 in

320 1254 378 1315 line
408 1253 482 1315 solet
504 1251 629 1314 adscribi
654 1269 770 1313 comma
791 1254 903 1313 formae
938 1256 978 1326 7,
1001 1251 1096 1313 rarius
1123 1250 1147 1312 3.
1185 1251 1295 1313 Eodem
1318 1253 1402 1332 signo
1423 1253 1504 1315 saber
1525 1251 1680 1333 aliquoties

320 1356 373 1435 (ut
399 1375 434 1417 ιι
459 1374 488 1416 ιιι
505 1354 533 1434 ι)
567 1373 638 1416 usus
671 1363 717 1416 est
752 1372 790 1416 ne
817 1356 1068 1417 confunderentur
1099 1353 1271 1435 paginarum
1304 1355 1429 1418 duarum
1464 1373 1567 1416 versus
1598 1353 1681 1415 iuxta

319 1458 409 1539 positi
448 1458 533 1520 solito
567 1458 724 1520 interstitio
758 1458 920 1520 deficiente.
976 1458 1126 1519 Similibus
1160 1456 1280 1536 virgulis
1312 1459 1344 1520 in
1377 1457 1535 1539 exemplari
1569 1457 1680 1518 Graeco

320 1562 498 1643 principium
532 1571 592 1624 tam
622 1560 741 1622 secundi
769 1561 888 1641 parietis
915 1561 1011 1622 Latini
1033 1579 1121 1641 quam
1144 1561 1266 1623 auctarii
1289 1561 1411 1623 indicari
1434 1580 1522 1643 supra
1544 1580 1574 1640 p.
1588 1578 1680 1620 xxxin

322 1666 501 1727 monuimus.
544 1664 639 1726 Etiam
667 1665 743 1725 intra
766 1665 861 1744 capita
884 1684 943 1744 quo
965 1664 1150 1726 commodius
1172 1665 1259 1726 lectio
1280 1665 1466 1745 procederet,
1492 1665 1575 1726 faber
1596 1682 1681 1724 eom-

321 1777 399 1831 mata
427 1768 600 1848 significarit
628 1766 782 1846 aliquoties
811 1766 902 1847 signis
924 1767 1043 1841 iisdem,
1066 1768 1240 1848 plerumque
1262 1766 1436 1849 interposita
1458 1768 1569 1848 virgula
1600 1787 1611 1827 r
1634 1766 1680 1828 rel

320 1871 480 1933 interstitio
509 1869 581 1932 solo.
627 1869 757 1932 Omnino
785 1889 817 1932 re
846 1889 906 1932 non
932 1870 1072 1932 differunt
1099 1871 1285 1950 pendentque
1311 1871 1348 1933 ab
1376 1871 1497 1933 arbitrio
1524 1872 1680 1934 scribentis

322 1984 409 2037 notae
432 1975 485 2036 hae
508 1993 621 2036 omnes.
659 1973 715 2035 Eas
738 1972 763 2034 si
786 1973 838 2052 qui
859 1973 916 2034 erit
937 1973 988 2053 qni
1010 1982 1102 2046 curat,
1126 1973 1239 2035 tabulas
1262 1973 1398 2055 inspiciat
1419 1974 1517 2036 omnia
1532 1974 1579 2035 illa
1595 1975 1681 2056 plene

320 2085 583 2158 repraesentantes.
606 2109 649 2122 -
670 2075 711 2136 lle
732 2075 970 2157 interpunctione
993 2075 1140 2137 sufficient
1155 2095 1228 2153 quae
1244 2077 1319 2138 dicta
1335 2085 1406 2138 sunt
1420 2095 1448 2156 p.
1464 2096 1569 2139 xxxvi:
1592 2075 1680 2138 verba

321 2180 351 2242 in
373 2181 489 2243 Graecis
512 2179 733 2251 continuantur,
755 2179 786 2240 in
809 2178 920 2241 Latinis
943 2188 1115 2260 separantur
1137 2179 1254 2259 punctis
1272 2179 1454 2260 interpositis
1469 2180 1554 2260 plene
1568 2188 1599 2240 et
1613 2178 1682 2240 dili-

321 2293 430 2363 genter,
454 2283 564 2345 scilicet
587 2291 620 2344 ut
640 2281 872 2363 praepositiones
895 2301 980 2363 saepe
1000 2281 1132 2343 enclitice
1155 2281 1346 2343 substantivis
1361 2282 1420 2345 suis
1436 2283 1633 2362 adiungantur
1642 2279 1681 2361 ¹),

321 2396 452 2449 ceterum
474 2386 505 2447 in
528 2385 600 2448 locis
624 2386 698 2447 male
721 2384 828 2448 habitis
850 2395 960 2466 puncta
981 2385 1091 2466 passim
1114 2403 1174 2446 non
1197 2393 1259 2446 tam
1282 2384 1390 2446 omissa
1412 2404 1478 2448 esse
1500 2404 1589 2467 quam
1612 2405 1682 2447 era-

322 2490 423 2552 nuisse
446 2498 678 2551 consentaneum
701 2496 755 2550 est.

424 2593 489 2672 lpse
518 2592 668 2671 Augustus
702 2608 769 2652 cum
806 2589 837 2651 in
869 2590 1003 2653 uersibus
1032 2591 1171 2653 extremis
1198 2591 1336 2653 vocabula
1364 2609 1423 2653 non
1451 2592 1596 2667 diviserit,
1629 2593 1681 2654 sed

322 2702 397 2757 teste
427 2695 569 2757 Suetonio
596 2715 621 2757 c.
645 2695 685 2757 87
713 2693 750 2756 ab
777 2701 908 2757 extrema
938 2704 1020 2774 parte
1051 2713 1189 2756 versuum
1218 2694 1400 2759 abundantes
1427 2695 1540 2758 litteras
1570 2695 1681 2758 ibidem

322 2798 481 2861 subiecerit
502 2807 532 2860 et
554 2797 795 2871 circumduxerit,
821 2817 911 2878 quarn
933 2817 997 2859 esse
1019 2797 1263 2860 consuetudinem
1286 2797 1480 2877 antiquiorem
1502 2798 1682 2878 intellegitur

322 2920 357 2963 ex
379 2901 443 2963 eius
465 2901 607 2982 temporis
636 2901 845 2973 monumentis,
874 2900 1103 2963 commentarius
1126 2919 1213 2981 quem
1243 2900 1385 2963 babemus
1407 2901 1438 2962 in
1461 2901 1515 2963 hac
1537 2919 1570 2963 re
1593 2920 1679 2964 usum

321 3004 469 3084 vulgarem
497 3006 631 3084 sequitur
652 3003 850 3082 vocabulaque
873 3021 958 3084 saepe
981 3002 1100 3076 dividit,
1130 3011 1164 3065 ut
1187 3012 1285 3066 tamen
1308 3004 1484 3085 syllabarum
1508 3005 1680 3067 divisionem

322 3107 372 3169 ubi
394 3127 453 3188 quo
475 3109 539 3170 loco
562 3107 625 3168 lieri
648 3107 751 3168 debeat
775 3105 903 3168 dubitari
925 3115 1023 3187 potest
1044 3105 1178 3168 rideatur
1199 3107 1321 3181 evitare;
1344 3117 1422 3170 certe
1444 3127 1480 3170 ex
1502 3107 1559 3170 hoc
1576 3125 1682 3188 genere

321 3229 382 3272 non
404 3210 557 3272 observavi
578 3209 635 3272 nisi
656 3210 735 3290 quod
757 3217 803 3270 est
824 3227 846 3268 11
856 3226 880 3269 m
906 3209 1129 3290 sacroscullctus]
1146 3219 1176 3272 et
1197 3228 1226 3271 u
1237 3229 1259 3271 ιι
1280 3207 1470 3290 consumlptis.

421 3313 526 3394 Apices
551 3313 742 3393 reperiuntur
768 3311 957 3392 superscripti
986 3312 1135 3375 vocalibus
1162 3313 1311 3387 didi,
1342 3314 1432 3375 semel
1455 3322 1569 3376 tantum
1594 3314 1619 3390 (Ι
1643 3314 1682 3374 15

322 3415 466 3496 occidere)
488 3435 577 3497 supra
597 3419 617 3488 ι’,
641 3433 718 3489 cum,
742 3413 794 3477 ubi
815 3413 943 3492 reliquae
966 3414 1078 3478 vocales
1101 3416 1211 3496 apicem
1227 3416 1382 3496 recipiunt,
1398 3417 1469 3479 haec
1483 3417 1579 3479 littera
1595 3435 1684 3500 supra

320 3518 429 3580 lineam
457 3517 587 3580 eminere
615 3516 714 3578 soleat.
768 3517 859 3579 Positi
888 3526 960 3580 sunt
985 3520 1147 3582 secundum
1176 3521 1239 3582 eius
1264 3521 1327 3582 aeni
1352 3520 1596 3583 consuetudinem
1623 3523 1684 3581 ire-

323 3631 449 3701 quenter
476 3621 606 3700 adeoque
633 3619 663 3680 in
694 3619 869 3700 quibusdam
893 3621 1040 3684 vocabulis
1064 3623 1378 3704 terminationibusque
1400 3623 1484 3702 quasi
1506 3631 1683 3698 constanter,

322 3733 356 3786 ut
385 3732 484 3786 tamen
513 3741 725 3804 saepenumero
751 3723 889 3805 adscripti
917 3743 977 3786 non
1001 3725 1074 3799 sint,
1103 3725 1154 3788 ubi
1176 3735 1254 3788 recte
1280 3725 1350 3808 poni
1372 3735 1543 3807 potuerunt.
1579 3725 1685 3789 Paucis

321 3827 394 3888 locis
416 3827 464 3904 (ut
486 3829 594 3886 crvlca
617 3845 644 3887 m
667 3844 690 3887 n
713 3861 755 3870 —
777 3830 889 3887 svnnl
913 3845 941 3889 rr
958 3825 998 3906 aa)
1020 3845 1092 3907 apex
1107 3827 1190 3888 adest
1203 3848 1292 3910 super
1307 3829 1435 3891 vocalem
1451 3830 1570 3891 brevem
1586 3845 1686 3891 errore

321 3929 426 3990 fabrili.
455 3928 652 4008 liiphtbongis
675 3947 822 4008 nusquam
845 3929 1021 3992 adscribitur
1043 3930 1124 4011 (nam
1147 3935 1224 3992 leue
1246 3950 1274 3992 m
1288 3951 1315 3994 aa
1342 3951 1425 3994 error
1445 3941 1491 3994 est
1506 3937 1685 4014 operarum),

322 4031 444 4093 omnino
474 4031 615 4111 quoniam
645 4031 675 4092 in
703 4030 741 4093 iis
768 4031 803 4092 de
831 4031 994 4110 quantitate
1021 4030 1148 4092 dubitari
1173 4050 1233 4094 nou
1258 4044 1370 4114 potest;
1398 4036 1449 4097 sed
1474 4036 1499 4096 is
1523 4054 1595 4097 usus
1617 4034 1687 4096 huic

322 4142 516 4195 monumento
545 4136 670 4196 sortasse
699 4134 837 4215 proprius
860 4145 919 4208 est,
948 4154 1015 4196 cum
1043 4144 1192 4216 praeterea
1217 4137 1325 4216 passim
1352 4157 1426 4218 apex
1447 4137 1613 4218 reperiatur
1634 4137 1687 4198 ad-

325 4235 454 4317 scriptus
478 4237 676 4318 diphthongis.
704 4273 744 4283 -—
774 4237 879 4319 Apices
908 4246 938 4299 et
958 4243 971 4299 ι·
990 4237 1168 4301 eminentem
1191 4239 1221 4299 in
1246 4239 1501 4302 terminationibus
1524 4239 1688 4303 substanti-

435 4523 458 4590 1)
485 4525 625 4591 Propterea
649 4533 769 4593 punctum
794 4527 881 4578 delicit
904 4543 953 4577 aon
976 4527 1072 4578 detrito
1095 4527 1191 4594 lapide,
1213 4527 1259 4579 aad
1282 4527 1391 4580 consilio
1416 4528 1556 4582 scribentis
1580 4536 1638 4596 post
1660 4532 1689 4580 in

326 4609 445 4660 imerii.
472 4609 524 4661 1³.
547 4612 586 4662 10.
606 4613 644 4664 ιι.
671 4611 691 4663 ll
710 4613 751 4663 21.
770 4612 810 4664 ³0.
840 4611 872 4664 lll
892 4613 915 4664 9.
935 4613 974 4663 22.
992 4613 1034 4664 tt.
1065 4612 1371 4666 ivicansten
1393 4613 1555 4666 bis.4d.53.
1587 4615 1609 4666 V
1628 4617 1652 4667 5.
1666 4616 1688 4666 7.

325 4695 368 4746 31.
387 4696 427 4746 35.
446 4696 489 4747 4².
523 4696 678 4762 v113.15;
704 4705 763 4765 post
784 4697 820 4748 ad
839 4695 871 4749 lll
893 4698 941 4761 353
969 4705 1028 4764 post
1052 4714 1086 4748 ere
1103 4696 1112 4748 l
1132 4697 1172 4748 lt.
1190 4699 1237 4762 5³3
1264 4705 1323 4764 post
1342 4713 1391 4768 pro
1413 4697 1448 4751 Vl
1471 4699 1511 4750 lu.
1550 4699 1689 4752 Praeterea

329 4781 555 4847 Domasxewslio,
578 4783 620 4850 qui
644 4783 706 4834 baec
729 4791 848 4834 accurate
868 4791 1017 4850 persecutus
1037 4791 1090 4850 eat,
1113 4784 1519 4837 idemridcbaturusnvenisse
1538 4785 1689 4838 insontia

330 4869 355 4917 ct
376 4869 542 4936 inpensarum
562 4876 588 4920 et
605 4867 637 4920 lll
656 4869 689 4920 38
707 4869 733 4919 iu
751 4878 793 4922 les
811 4867 928 4920 militetis.
