3812 5580
832 425 979 484 GRAEOA
1521 435 1585 499 199

227 610 297 672 burn
322 608 418 684 vertit,
441 607 636 670 reformidans
660 607 771 670 scilicet
793 605 989 673 ἐπαινετικά
1011 610 1227 691 ψηφίσματα,
1251 609 1363 672 sedita
1387 629 1418 672 sc
1440 609 1587 692 expedivit

227 724 260 777 ut
281 731 336 775 nec
358 712 461 774 Latine
483 712 554 774 satis
582 731 637 774 nec
667 711 738 774 satis
760 711 868 776 Graece
898 711 1038 776 scriberet
1065 709 1084 796 ἢ
1112 705 1293 794 σύγκλητος
1314 706 1525 776 ἐπαινέσασά
1546 736 1587 795 με

226 809 423 899 ψηφίσμασι
454 812 707 897 προσκατέλεξε;
740 815 864 879 debebat
894 817 1021 896 scribere
1051 809 1071 897 ἦ
1106 810 1282 898 σύγκλητος
1316 812 1524 880 ἐπαινέσασά
1546 839 1587 898 με

227 914 492 1001 προσκαταλέξαι
515 914 719 1000 ἐψηφίσατο.

327 1015 485 1084 ‘Secuntur
507 1039 540 1083 ea
567 1040 642 1101 quae
666 1022 773 1083 Graece
800 1022 919 1104 quidem
954 1022 1006 1083 sed
1038 1039 1143 1103 parum
1173 1030 1240 1102 apte
1266 1033 1297 1084 et
1324 1021 1441 1104 proprie
1474 1022 1587 1084 reddita

228 1124 382 1186 rideantur
410 1143 487 1198 csse,
518 1143 533 1185 e
566 1125 674 1204 quibus
701 1124 855 1205 potissima
884 1125 1051 1206 seligentur.
1101 1123 1232 1187 Possunt
1263 1124 1382 1205 quidem
1416 1124 1457 1187 τά
1490 1123 1586 1187 κοινὰ

227 1225 407 1310 πράγματα
441 1227 647 1316 rempublicam
680 1227 857 1307 significare,
892 1229 944 1290 sed
978 1226 1025 1288 vin
1058 1236 1137 1288 recte
1170 1227 1315 1308 interpres
1349 1227 1410 1302 1,3
1445 1228 1518 1291 dixit
1546 1225 1587 1290 τά

227 1329 329 1400 κοινά,
344 1327 524 1413 πράγματα
546 1322 617 1393 άπὸ
640 1330 696 1414 τῆς
719 1329 871 1404 δουλείας
893 1326 1110 1415 ἠλευθέρωσα
1139 1329 1355 1411 (rempublicam
1376 1337 1408 1394 ire
1429 1331 1588 1394 libertatem

226 1432 391 1513 vindicari).
441 1433 543 1495 Potest
571 1433 689 1513 quidem
702 1432 819 1496 Ιτελεῖν
845 1434 968 1497 verbum
997 1434 1056 1495 rim
1080 1435 1251 1515 perficiendi
1276 1434 1382 1496 habere
1410 1434 1487 1497 sicut
1508 1443 1586 1498 recte

230 1538 314 1613 11,2
338 1538 368 1600 εί
389 1535 434 1620 μὴ
462 1531 560 1609 αὐτὸς
580 1534 823 1619 τετελειώκοιμι
846 1536 1067 1621 τελειωθῆναι
1090 1534 1157 1602 άπὸ
1178 1540 1245 1601 τῶν
1266 1536 1354 1620 ἐμάν
1376 1535 1588 1622 κληρονόμων

227 1639 372 1713 ἕπέταξα
396 1639 538 1720 scriptum
563 1648 607 1701 est
630 1638 669 1720 (si
687 1643 768 1702 mous
790 1660 848 1703 uon
866 1643 1049 1721 perfecissem
1069 1643 1173 1726 perfici
1192 1643 1228 1705 ob
1250 1642 1398 1706 heredebus
1418 1641 1511 1724 iussi),
1534 1643 1586 1704 sed

227 1763 324 1825 neque
351 1743 380 1817 3,
397 1744 435 1804 21
465 1752 543 1804 recte
572 1743 660 1804 habet
686 1742 808 1805 verbum
839 1743 870 1805 in
897 1743 943 1804 his
972 1737 994 1806 ά
1020 1742 1057 1806 δὲ
1084 1741 1158 1806 τότε
1185 1743 1231 1808 δι’
1258 1743 1339 1827 ἐμοῦ
1366 1742 1387 1830 η
1409 1743 1587 1828 σύγκλητος

229 1849 486 1930 οἰκονομεῖσθαι
502 1843 669 1927 ἐβούλετο,
686 1843 886 1925 -ἐτέλεσα,
902 1865 999 1927 neque
1021 1848 1050 1922 6,
1067 1847 1118 1909 21.
1134 1846 1175 1908 22
1196 1847 1228 1910 in
1242 1846 1289 1908 his
1305 1847 1370 1910 coir
1385 1845 1588 1930 πραγμάτων

226 1951 310 2014 κατὰ
334 1949 392 2025 τὰς
415 1947 510 2030 εὐχάς
527 1948 770 2025 τελεσθέντωνγ
798 1958 904 2012 neutro
924 1951 1003 2011 enim
1021 1951 1085 2012 loco
1105 1951 1280 2013 terminandi
1298 1952 1380 2014 notio
1397 1951 1586 2033 exprimenda

227 2055 292 2117 luit.
329 2054 431 2116 Potest
452 2053 572 2134 quidem
595 2056 690 2114 minor
712 2052 928 2134 comparativus
949 2063 979 2116 et
994 2047 1098 2137 ἥττων
1113 2062 1142 2116 et
1157 2052 1301 2120 ἐλάττων
1315 2077 1389 2132 esse,
1416 2055 1469 2118 sed
1482 2054 1586 2116 vitiose

226 2159 273 2221 ille
296 2158 415 2239 scripsit
440 2157 488 2231 13,
504 2157 523 2217 2
545 2151 583 2217 ori
607 2153 644 2216 δὲ
667 2150 803 2238 ἥσσονες
819 2153 955 2228 πλείους
970 2153 1202 2240 ἐναυμάχησαν
1218 2161 1327 2240 (plures
1342 2171 1436 2224 autem
1450 2156 1586 2237 meliores)

226 2280 282 2324 nec
303 2261 396 2341 magis
418 2271 497 2323 recte
519 2259 550 2321 in
572 2259 705 2321 oratione
727 2259 815 2322 etiam
839 2260 896 2322 alio
918 2259 1038 2320 nomine
1061 2261 1251 2340 vituperanda
1274 2262 1338 2337 8,“ί
1362 2268 1486 2336 αίτινες
1508 2260 1586 2343 ἐμαί

226 2357 399 2437 ἐπιδόσεις
421 2360 582 2427 οὐδέποτε
604 2354 706 2446 ἧσσον
728 2351 838 2446 η’λθον
861 2361 908 2434 είς
931 2357 1059 2445 ἀνδρῶν
1080 2361 1244 2447 μυριάδας
1267 2368 1374 2430 εἴκοσι
1391 2368 1489 2430 πέντε
1504 2366 1586 2446 (per-

226 2479 366 2531 venerunt
394 2467 433 2530 od
460 2468 609 2530 bominum
634 2468 715 2529 milio
744 2485 892 2548 nunquam
917 2469 1014 2528 miuus
1041 2485 1057 2526 ι
1083 2477 1110 2528 et
1132 2472 1192 2540 ccl.
1241 2469 1343 2532 Potest
1371 2469 1490 2550 quidem
1513 2470 1587 2549 βίος

227 2573 305 2635 idem
328 2591 393 2634 esse
415 2591 449 2634 ac
469 2575 559 2634 uictas
580 2559 778 2651 (βίου’ἕχειν
800 2564 869 2631 άπό
891 2589 981 2640 τινος
1003 2569 1049 2630 vel
1071 2565 1106 2630 ἔκ
1129 2571 1245 2651 τινος),
1275 2572 1323 2633 rix
1345 2591 1413 2635 vero
1435 2572 1586 2652 Augustus

228 2677 253 2740 si
275 2678 383 2739 Graece
405 2675 571 2756 scripsisset
594 2674 629 2736 de
653 2692 684 2734 se
706 2673 803 2734 dicere
830 2679 945 2752 poterat
971 2672 1051 2753 quod
1079 2674 1223 2736 dicentem
1253 2693 1321 2735 eum
1347 2675 1418 2738 lacit
1438 2675 1586 2756 interpres

227 2780 293 2854 8‚4
315 2775 444 2842 δώδεκα
466 2771 712 2859 σιτομετρήσεις
734 2775 769 2838 ἐκ
791 2775 851 2839 τοῦ
873 2767 953 2857 ἐμοῦ
969 2776 1046 2855 βίου
1069 2771 1282 2858 άπεμέτρησα
1304 2777 1463 2860 (frumento
1481 2781 1586 2858 priuo-

227 2889 278 2946 tim
299 2880 447 2964 coempto).
491 2880 595 2942 Potest
616 2879 734 2959 quidem
757 2879 928 2959 saepissime
950 2880 1105 2961 accipiendi
1129 2879 1252 2942 verbum
1275 2877 1392 2961 λαβεῖν
1416 2880 1504 2955 verti,
1525 2899 1586 2942 nou

226 2986 324 3068 potuit
354 2987 403 3060 11,
420 2984 459 3046 23
483 2983 540 3045 dici
565 2981 625 3056 τάς
651 2982 699 3055 είς
726 2979 785 3043 τὸν
817 2983 982 3065 στέφανον
1009 2979 1208 3060 ἐπαγγελίας
1236 2976 1294 3044 οὐκ
1323 2974 1444 3064 ἔλαβον
1472 3002 1525 3064 pro
1551 3001 1586 3044 eo

227 3089 305 3170 quod
332 3097 378 3151 est
406 3083 445 3150 οδ
471 3081 733 3168 προσεδεξάμην.
789 3084 888 3164 Longe
916 3105 985 3147 vero
1012 3085 1280 3150 luculentissimum
1314 3085 1467 3167 imperitae
1499 3085 1587 3148 huius

227 3187 444 3275 άκυρολογίας
465 3191 632 3271 exemplum
657 3197 735 3250 extat
759 3190 808 3262 11,
823 3188 874 3262 20,
898 3189 948 3250 ubi
970 3208 1044 3268 quae
1067 3190 1184 3271 scripsit
1203 3191 1354 3270 Augustus
1373 3193 1443 3251 ouri
1455 3191 1591 3252 cormeum·

225 3296 319 3376 pondo
348 3299 465 3375 triginta
494 3304 519 3355 et
545 3297 665 3374 quiaque
691 3291 785 3354 millio
811 3296 971 3372 municipiis
996 3304 1023 3355 et
1051 3294 1156 3356 colossis
1179 3293 1280 3356 ltaliae
1311 3292 1521 3373 conferentibus
1550 3293 1589 3354 od

227 3399 385 3479 triumphos
406 3415 483 3459 meos
505 3401 634 3478 quintum
656 3395 754 3456 ουιιειιί
774 3399 885 3466 remim,
916 3413 948 3456 ea
971 3395 1116 3476 interpres
1144 3396 1187 3459 sic
1213 3394 1443 3478 repraesentavit
1465 3393 1588 3457 Graece:

227 3503 275 3575 είς
295 3501 437 3581 χρυσοῦν
459 3495 626 3581 στέφανον
639 3496 776 3579 λειτροῑν
790 3499 993 3581 τρισμυρίων
1008 3497 1303 3578 πεντακισχειλίων
1325 3492 1589 3579 καταφεροάσαις

226 3615 301 3678 ταῖς
328 3603 363 3668 ἐν
385 3600 508 3682 Ἰταλίᾳ
535 3600 723 3674 πολιτείαις
749 3599 806 3662 καί
837 3597 1013 3679 ἀποικίαις
1046 3597 1319 3684 συνεχώρησα.
1374 3599 1502 3680 Apparet
1534 3601 1590 3662 hoc

226 3709 291 3770 loco
314 3717 496 3790 συγχωρεῖν
516 3724 577 3768 που
592 3707 757 3768 rernitteudi
776 3707 827 3769 sed
846 3711 1031 3788 permittendi
1051 3709 1110 3770 rim
1133 3707 1239 3768 habere
1254 3705 1397 3786 planeque
1413 3703 1590 3766 oontrmiam

227 3831 261 3873 ac
287 3811 419 3872 voluerat
446 3810 572 3892 scriptor
600 3808 677 3871 ellici
704 3810 893 3872 sententiam.
947 3811 1049 3874 Potest
1083 3829 1153 3873 sane
1183 3816 1364 3889 συγχωρεῖν
1390 3807 1468 3870 idem
1496 3807 1590 3868 valere

227 3914 305 3995 quod
327 3918 484 3984 remittere,
513 3913 564 3974 sed
587 3911 741 3994 pecuniam
765 3913 891 3976 oblatam
922 3914 983 3976 sire
1005 3913 1133 3976 debitam
1156 3911 1307 3974 remittere
1329 3912 1437 3973 Graece
1464 3919 1592 3972 nonest

228 4025 409 4097 συγχωρεῖν
434 4016 485 4078 sed
517 4017 676 4099 μεθιέναι
706 4015 971 4097 tllerod.V159).
1020 4015 1098 4078 llaec
1125 4013 1238 4088 omnia,
1266 4034 1342 4094 quae
1370 4014 1451 4076 nullo
1474 4012 1591 4092 negotio

227 4121 327 4202 augeri
355 4127 505 4202 poterant,
535 4120 560 4180 si
590 4137 657 4181 cum
680 4120 868 4200 paucissimis
896 4138 978 4182 rarae
1005 4119 1164 4199 elegantiae
1194 4117 1335 4198 exemplis
1364 4117 1524 4180 mutueris
1550 4150 1593 4162 -

228 4226 292 4288 ride
321 4233 389 4287 ante
418 4221 517 4284 omnia
547 4223 595 4296 14,
612 4221 650 4282 21
677 4222 835 4296 πλείστας
865 4221 982 4295 πόλεις
1011 4215 1235 4302 δοριαλώτους
1263 4217 1380 4298 ἔλαβεν
1407 4218 1594 4300 (simpliciter

228 4332 379 4409 Augustus
408 4326 558 4406 complura
586 4327 689 4406 oppida
717 4325 811 4406 capta)
833 4359 876 4371 -
898 4325 946 4386 vix
975 4323 1087 4405 poteris
1118 4323 1317 4403 suspicionem
1346 4323 1448 4405 procul
1475 4322 1592 4397 habere,

228 4434 420 4514 interpretem
444 4428 574 4492 adhibito
598 4426 738 4510 glossario
760 4447 822 4489 rern
847 4428 988 4507 gessisse:
1018 4447 1052 4488 ex
1087 4426 1227 4506 glossario
1249 4436 1365 4507 poterat
1386 4435 1486 4507 petere
1512 4445 1592 4488 rera-

225 4537 372 4617 publicam
393 4533 566 4614 explicatam
589 4530 631 4594 τά
651 4529 747 4595 κοινὰ
770 4529 959 4613 πράγματα,
978 4531 1117 4612 perficere
1139 4525 1254 4603 τελεῖν,
1276 4529 1427 4609 adsignare
1447 4525 1594 4612 μερίζειν

229 4639 274 4714 (8,
292 4636 359 4718 22),
388 4635 527 4698 rebellare
558 4629 783 4716 διναπολεμεῖν
810 4635 874 4714 (15,
891 4633 920 4708 8,
950 4633 1000 4696 ubi
1031 4633 1156 4696 debebat
1183 4629 1386 4716 νεωτερίζειν
1409 4630 1532 4710 dicere);
1558 4650 1594 4692 ex

230 4741 370 4822 glossario
392 4737 484 4802 etiam
506 4737 803 4818 interpretamentum
826 4737 955 4820 sumpsit
979 4736 1061 4812 18,1
1087 4732 1105 4799 ὁ
1129 4733 1262 4818 δρύινος
1283 4731 1476 4819 στέφανοςὸ
1499 4731 1595 4797 διδό-

229 4865 325 4926 μενος
357 4841 415 4906 tut
449 4841 596 4922 σωτηρίᾳ
627 4841 692 4905 τῶν
725 4839 872 4905 πολιτῶν
904 4843 1024 4921 (corona
1054 4843 1145 4902 civico
1178 4839 1336 4920 scripserat
1367 4839 1530 4917 Augustus)
1566 4845 1595 4898 et

870 5161 974 5238 θωὴν

852 5158 982 5389 Guttam:

872 5333 969 5410 biset*
