3812 5580
337 441 401 506 202
867 430 1000 489 vncsto
1020 430 1167 488 cannot

337 621 387 678 oio
414 616 520 678 401ιοί0
545 650 587 658 -
615 613 731 676 dodone.
775 614 824 674 lllc
850 632 919 675 vero
941 613 1011 693 quid
1034 613 1102 674 inde
1124 609 1305 692 exsculpsit?
1339 607 1499 686 ἀποικίας
1522 611 1558 675 ἐν
1583 607 1696 697 Λιβύῃ

337 714 472 796 Σικελίᾳ
490 714 685 795 Μακεδονίᾳ
707 714 742 778 ἐν
765 711 935 798 ἑκατέρᾳ
956 739 997 779 τε
1015 713 1167 794 Ἱσπανίᾳ
1184 710 1302 793 ’Λχαίᾳ
1320 748 1362 760 -
1377 711 1560 798 κατήγαγον
1564 743 1576 794 ,·
1598 719 1697 798 itaque

336 831 492 903 postquam
520 831 643 901 atraque
671 828 750 881 recte
780 819 867 882 vertit
898 813 1034 900 ἑκατέρᾳ
1060 819 1193 881 nondum
1224 817 1280 879 sibi
1308 817 1379 880 satis
1409 819 1514 882 fecisse
1542 821 1622 883 visus
1644 841 1697 903 quc

336 924 508 1006 particulam
531 923 638 985 iterum
661 922 749 985 vertit
771 945 815 985 τε.

438 1027 556 1108 ‘ltaque
578 1026 634 1088 etsi
657 1027 817 1088 detraxeris
840 1026 956 1107 siquid
979 1029 1055 1088 torte
1077 1027 1114 1088 ab
1135 1025 1259 1106 lapicida
1281 1032 1411 1087 erratum
1435 1026 1489 1100 sit,
1519 1025 1575 1088 elsi
1597 1026 1698 1088 consi-

337 1132 484 1194 deraveris
511 1149 570 1192 non
599 1147 664 1190 esse
694 1129 863 1191 continuam
890 1129 1104 1204 narrationem,
1137 1131 1166 1191 in
1196 1147 1254 1208 qua
1277 1137 1443 1191 structurae
1465 1128 1646 1191 concinnitas
1667 1138 1699 1191 et

338 1235 512 1297 elocutionis
541 1231 683 1312 elegantia
706 1232 847 1294 ostentari
870 1233 1014 1312 potuerit,
1045 1233 1096 1295 sed
1119 1232 1236 1295 brevem
1261 1239 1532 1311 rerumgestarum
1558 1230 1697 1304 indicem,

336 1338 391 1399 etsi
414 1336 594 1398 concesseris
615 1334 729 1397 facilius
751 1336 875 1416 aliquem
893 1355 968 1416 quae
982 1337 1046 1417 ipse
1068 1335 1205 1416 cogitavit
1220 1335 1316 1397 verbis
1338 1335 1491 1416 concipere
1505 1353 1592 1414 posse
1606 1354 1697 1415 qnam

336 1441 446 1501 alienae
468 1439 594 1501 orationi
616 1457 700 1499 suam
723 1439 910 1501 commodare
932 1440 1072 1519 linguam,
1097 1448 1195 1501 tamen
1219 1447 1277 1500 10111
1295 1439 1385 1501 multa
1408 1448 1479 1500 sunt
1501 1456 1569 1500 cum
1592 1457 1696 1518 parum

336 1543 484 1622 eleganter
506 1550 569 1603 tum
592 1550 694 1603 contra
717 1542 862 1604 sermonis
885 1543 986 1604 Gracci
1008 1543 1085 1622 leges
1108 1542 1193 1614 dicta,
1217 1551 1251 1602 nt
1273 1541 1449 1603 miraremur
1471 1541 1496 1603 si
1518 1541 1585 1622 quis
1607 1543 1700 1604 Grac·

337 1667 404 1709 cum
427 1647 579 1708 hominem
603 1645 793 1726 interpretem
818 1646 908 1706 luisse
930 1646 1108 1708 contendere
1131 1645 1224 1706 vellet.
1269 1645 1334 1707 Non
1353 1655 1399 1706 cst
1423 1645 1517 1708 oratio
1538 1646 1624 1719 haee,
1647 1645 1698 1706 sed

336 1751 494 1812 verborum
528 1749 702 1830 constipatio
730 1752 805 1810 torte
836 1749 957 1811 fortuito
987 1749 1182 1828 undecunque
1210 1758 1428 1830 correptorum,
1459 1767 1519 1810 non
1549 1759 1595 1811 est
1626 1749 1700 1812 haec

336 1873 384 1916 ars
407 1853 458 1915 sed
480 1861 526 1914 est
547 1852 629 1913 rudis
651 1851 756 1914 inertia
780 1853 945 1914 miserrimo
968 1853 1065 1932 aliquo
1087 1851 1228 1932 glossario
1250 1852 1414 1914 misserinre
1437 1853 1529 1914 tulta!

437 1956 515 2018 llaec
537 1955 695 2017 llaibelius.
740 1953 874 2016 llominis
901 1955 990 2016 huius
1019 1954 1256 2035 orthographiam
1281 1956 1419 2017 Graecam
1446 1957 1491 2016 vel
1513 1956 1611 2037 potius
1634 1975 1699 2018 ser-

337 2059 435 2122 urouis
457 2059 525 2121 vitia
552 2058 687 2138 persequi
718 2077 772 2120 nec
796 2077 894 2120 meum
918 2067 963 2120 est
984 2077 1078 2138 neque
1101 2058 1223 2120 omnino
1246 2059 1373 2121 multum
1396 2058 1527 2134 interest,
1554 2076 1698 2139 quasnam

336 2163 414 2242 leges
441 2159 586 2223 eiusmodi
616 2159 743 2239 scriptor
770 2170 890 2223 secutus
917 2161 957 2223 sit
979 2162 1022 2223 vel
1044 2181 1104 2223 non
1128 2171 1257 2224 secutus.
1302 2161 1399 2224 Pauca
1421 2171 1519 2224 tamen
1542 2161 1697 2223 adnotabo.

381 2287 410 2326 ει
433 2283 487 2345 pro
510 2288 522 2324 ι
544 2264 630 2342 longa
654 2271 687 2324 ut
709 2281 741 2324 ea
763 2271 857 2325 aetate
879 2265 989 2344 passim
1011 2265 1167 2346 reperitur,
1190 2266 1230 2326 ita
1253 2266 1334 2326 hunc
1355 2264 1602 2327 commentarium
1624 2265 1699 2326 scti-

337 2367 419 2429 heuti
452 2365 667 2446 diphthongum
699 2376 819 2446 apparet
848 2367 1008 2446 legitimam
1043 2369 1134 2431 visam
1163 2387 1242 2430 esse:
1276 2369 1416 2430 scribitur
1437 2365 1572 2442 Είόνιος
1597 2371 1645 2442 14,
1668 2369 1698 2431 8.

341 2472 388 2545 15,
414 2472 452 2531 14
476 2504 516 2514 -
532 2467 694 2550 ἐπαρχιία
708 2503 750 2513 -
765 2467 878 2552 λείτρα
896 2472 944 2544 11,
962 2470 1000 2533 18
1023 2506 1066 2516 -
1087 2461 1237 2555 με’ίμημα
1260 2473 1289 2542 5,
1305 2470 1324 2532 6
1344 2505 1387 2514 -
1402 2468 1558 2553 πολείτης
1573 2506 1614 2515 -
1630 2487 1700 2533 σει·

336 2571 427 2647 τικός
450 2574 483 2644 9,
510 2573 551 2634 24
579 2582 634 2634 001.
657 2607 698 2616 -
721 2570 830 2655 scopari,
859 2567 1079 2656 ἆποτείμησις
1106 2608 1148 2619 -
1176 2572 1354 2637 §celeimon
1378 2573 1426 2647 10,
1450 2571 1554 2633 23-
1576 2571 1698 2651 χείλιοι

337 2677 432 2740 01010
457 2676 603 2757 deinceps.

437 2802 457 2862 q
479 2798 534 2860 pro
561 2801 591 2841 τι
619 2777 794 2859 aliquotiens
816 2779 970 2860 reperitur,
993 2787 1028 2841 ut
1048 2779 1079 2840 in
1095 2776 1221 2862 Ἄίπης
1244 2780 1293 2854 14,
1317 2778 1336 2841 6
1359 2815 1395 2823 -
1423 2775 1547 2863 δουίήα
1571 2781 1597 2853 1,
1620 2779 1698 2840 3-

337 2881 455 2966 κυριήά
481 2884 529 2956 17,
553 2881 603 2943 22.

437 3004 527 3066 spro
550 3009 569 3069 η
592 2986 739 3066 reperitur
759 2985 790 3046 in
813 2984 961 3047 vocabulis
984 2981 1104 3068 εὔξησα
1127 2985 1192 3059 4,8
1215 2993 1245 3048 01
1267 2982 1435 3068 ἐπεύξησα
1459 2986 1508 3060 14,
1525 2986 1555 3046 4.

438 3111 453 3151 s
480 3108 534 3169 pro
561 3111 597 3149 αι
624 3099 792 3150 constanter
815 3097 975 3169 usurpatur
995 3089 1027 3150 in
1050 3090 1157 3172 σημέα
1179 3089 1319 3151 vocabulo
1344 3089 1394 3162 15,
1418 3088 1470 3150 23.
1493 3089 1540 3162 16,
1559 3088 1624 3151 3.5
1647 3089 1697 3168 (cl.

292 3183 293 3188 ’
339 3191 388 3265 13,
404 3191 468 3272 21).
506 3191 637 3253 conferri
659 3191 768 3271 poterit
789 3192 1004 3275 σημηαφάρος
1020 3192 1097 3255 tituli
1107 3192 1275 3273 Aegyptiaci
1297 3193 1328 3254 C.
1341 3193 1362 3253 1.
1379 3192 1411 3253 L.
1427 3191 1466 3253 ΠΙ
1479 3191 1562 3254 6026
1584 3192 1698 3272 aliaque

336 3296 421 3376 plura
442 3294 633 3356 inveniuntur
654 3295 759 3356 similis
781 3296 962 3375 corruptelae
985 3296 1127 3376 exempla.

438 3417 456 3459 ο
477 3416 531 3478 pro
546 3418 579 3459 ot
595 3407 765 3460 constanter
780 3407 941 3478 usurpatur
955 3398 985 3459 in
1002 3395 1145 3480 indipisci,
1162 3394 1332 3481 πιπόηκα;
1355 3398 1406 3459 sed
1422 3397 1561 3459 scribitur
1575 3407 1698 3462 motata.

436 3501 497 3562 lota
521 3510 639 3562 mutum
661 3501 692 3562 in
714 3501 868 3582 hncprano
891 3520 957 3563 raro
981 3500 1137 3576 omittitur,
1161 3510 1195 3563 nt
1216 3501 1246 3562 in
1271 3495 1448 3583 ἐξῃτήσατο
1473 3499 1522 3574 13,
1547 3499 1601 3574 18;
1622 3495 1699 3584 ἠνή-

337 3619 437 3666 σαντο
462 3605 581 3679 14,1“1;
604 3602 845 3689 παρῃτησάμην
868 3605 897 3676 3,
920 3606 950 3680 5,
972 3605 1043 3666 item
1066 3605 1096 3667 in
1117 3605 1220 3667 dativis
1236 3599 1345 3688 εῑρήνη
1371 3604 1419 3678 14,
1437 3605 1465 3677 7,
1490 3600 1608 3666 Πάνσα
1624 3606 1652 3678 1,
1668 3605 1698 3680 5,

337 3709 483 3789 σωτηρία
508 3706 556 3782 18,
581 3709 608 3768 1.
654 3707 776 3789 Saepius
799 3708 882 3770 abest
903 3708 934 3770 in
957 3707 1165 3789 Apolloniensi.

436 3821 543 3873 vante
565 3833 585 3889 y
607 3833 625 3872 κ
647 3833 668 3891 χ
688 3813 873 3892 frequentius
896 3813 1036 3875 scribitur
1057 3831 1145 3893 quant
1168 3833 1198 3890 r.
1234 3812 1278 3874 lta
1300 3810 1407 3890 legitur
1428 3804 1522 3887 ίνγύς
1543 3809 1700 3892 pessimat

336 3909 470 3990 ἧννισεν
494 3914 542 3988 16,
566 3913 585 3976 8
610 3949 648 3958 -
671 3913 852 3998 κατήνενκα
874 3918 903 3990 9,
926 3917 966 3979 26
989 3924 1044 3979 001.
1068 3951 1109 3960 -
1132 3911 1308 3998 σάνκλητος
1330 3932 1447 3995 semper
1468 3947 1510 3958 -·
1525 3910 1701 3991 ἐτάνχανσν

339 4015 387 4089 15,
411 4014 468 4090 22;
501 4018 553 4079 sed
581 4017 669 4079 etiam
697 4039 718 4095 γ
744 4017 776 4079 111
804 4019 911 4082 talibus
938 4019 1048 4101 passim
1072 4019 1226 4099 reperitur,
1249 4026 1283 4080 ut
1305 4014 1506 4095 ἐπαγγελίας
1529 4017 1577 4089 11,
1594 4015 1635 4077 22
1659 4051 1701 4061 -

336 4112 506 4200 ἠνάγκασα
531 4119 579 4195 16,
602 4121 622 4182 4
644 4130 700 4183 001.
