3812 5580
946 489 994 560 VI,
1021 493 1054 549 37
1075 493 1109 549 38

496 674 570 747 tui
606 670 740 755 Μητρὸς
762 672 863 748 θεῶν,
886 674 923 752 [§]
944 667 1197 755 fflouleurq'pror]
1222 671 1283 736 σὺν
1302 669 1521 758 χαλκιλλδικῷ,
1550 677 1585 754 [§]
1606 669 1712 753 ἀγορᾷ

556 797 570 838 2
598 775 749 864 Σεβαστῇ
770 776 837 856 (sic)
859 777 909 854 [§],
934 778 1078 858 θέατρον
1096 773 1302 858 Μαρκέλλου,
1325 779 1362 855 [§]
1377 774 1562 859 fflalorlltm}
1577 774 1710 852 Ἰουλία,

555 899 567 942 a
596 881 633 957 [§]
655 875 754 952 ἄλσος
781 863 967 961 Καισάρών,
989 880 1026 957 [§]
1048 878 1144 941 occul
1166 877 1218 958 dlv]
1244 879 1433 966 ΠαλατΙιΊῳ,
1459 877 1464 964 Ι
1489 879 1570 943 στοὰ
1592 879 1628 943 ἐν
1650 877 1712 942 ἱπ-

600 979 759 1065 ποδρόμῳ
784 980 1009 1067 Φλαμινίῳ.ἓ

905 1289 1078 1366 OAPVT
1106 1291 1167 1366 III

418 1489 482 1530 nur.
499 1471 528 1546 6,
545 1489 569 1532 sa
599 1467 603 1548 l
628 1470 740 1531 Reiecit
761 1469 947 1550 Capitollium
975 1469 1141 1548 somonque
1168 1471 1254 1532 aedes
1285 1473 1435 1551 [oulmlero
1459 1475 1605 1553 octcpr'otc]
1628 1473 1712 1548 duas,

546 1592 573 1634 ae
598 1574 763 1652 thealtlrum
786 1571 926 1653 Pomlper',
948 1575 1103 1652 aqu[orum
1124 1577 1209 1644 rivos,
1231 1577 1318 1652 ollam
1342 1574 1542 1654 Flamin[iom].

398 1696 443 1738 on.
462 1678 511 1750 19,
529 1696 569 1740 aa
594 1671 855 1757 ‘Enscxeuciofflq
878 1673 915 1737 cd
938 1673 1181 1752 Kallnrcoilaor,
1204 1679 1241 1755 [§]
1263 1677 1338 1740 ναοὶ
1360 1675 1563 1761 ὀγδοήκοντα
1577 1675 1650 1752 δύο,
1674 1679 1712 1756 [§]

555 1799 568 1841 5
597 1781 760 1861 θέ[αο]ρον
776 1777 999 1861 Ι][ομ][πηίου,
1025 1780 1059 1856 [§]
1085 1775 1162 1852 ὁδὸς
1179 1777 1359 1862 Φλαμινία,
1382 1783 1419 1860 [§]
1434 1777 1555 1864 dyuyol
1572 1777 1713 1844 ὑδάτων.

355 1910 569 1990 Compendium
592 1918 638 1972 est
659 1929 761 1971 eonrm
784 1929 858 1989 quae
880 1927 968 1990 supra
991 1908 1129 1987 leguntur
1151 1911 1180 1983 4,
1199 1909 1310 1971 1-23.
1328 1909 1377 1971 43.
1395 1911 1444 1982 44,
1467 1920 1497 1972 et
1518 1910 1640 1971 omnino
1662 1929 1714 1972 ca-

355 2015 493 2088 vendum,
516 2013 644 2093 nequid
668 2013 699 2074 in
721 2014 768 2074 his
789 2012 896 2074 rimere
919 2012 1096 2091 exquisitum
1120 2021 1149 2074 et
1171 2014 1251 2075 utile.
1289 2013 1382 2075 Petita
1405 2013 1516 2076 scilicet
1537 2023 1608 2074 sunt
1623 2033 1713 2093 opera

356 2136 429 2178 nova
451 2137 486 2178 ex
508 2136 616 2178 comm.
633 2118 662 2188 4,
680 2116 771 2178 1-8.
788 2115 923 2189 21-23,
946 2115 1052 2177 additis
1067 2115 1183 2178 basilica
1199 2101 1269 2179 lulia
1285 2137 1321 2178 ex
1337 2118 1366 2190 4,
1385 2117 1509 2178 14-16
1531 2125 1561 2178 et
1590 2135 1714 2178 nemore

356 2221 512 2282 Caesarum
535 2240 570 2281 ex
593 2222 622 2294 4,
639 2221 688 2281 43.
705 2221 759 2291 44;
782 2228 942 2299 utrumque
964 2227 1116 2299 propterea
1140 2220 1220 2282 vides
1243 2220 1414 2283 collocatum
1438 2220 1468 2282 in
1492 2220 1632 2282 laterculo
1652 2223 1714 2281 lere

356 2332 496 2384 extremo.
540 2324 573 2384 ln
601 2323 703 2385 ordine
730 2321 936 2384 constituendo
963 2341 1022 2383 non
1045 2323 1101 2384 hoc
1123 2333 1243 2384 secutus
1265 2333 1311 2384 est
1333 2323 1526 2404 epitomator,
1554 2324 1633 2403 quod
1657 2323 1714 2385 sibi

355 2427 502 2508 persuasit
523 2427 669 2488 Beckerus
691 2425 818 2505 (topogr.
835 2445 863 2505 p.
880 2425 970 2504 721),
1001 2435 1036 2486 ut
1057 2426 1187 2506 primum
1210 2427 1273 2488 loca
1296 2446 1376 2488 sacra
1399 2439 1578 2500 recenseret,
1608 2426 1714 2488 deinde

355 2531 479 2610 publicis
508 2530 632 2610 negotiis
659 2530 819 2602 destinata,
848 2528 972 2608 denique
1002 2548 1076 2608 quae
1098 2530 1199 2610 populi
1221 2529 1420 2610 voluptatibus
1443 2530 1630 2601 inservirent,
1659 2529 1715 2590 sed

355 2634 417 2694 solo
444 2633 541 2695 studio
571 2633 736 2705 brevitatis,
763 2642 798 2695 ut
825 2651 884 2694 uno
911 2633 990 2694 aedis
1020 2633 1160 2694 vocabulo
1190 2633 1411 2713 defungeretur,
1442 2633 1571 2713 primum
1604 2631 1714 2714 templa

355 2737 507 2799 coniunxit
533 2739 630 2799 omnia
664 2736 766 2798 eodem
800 2739 860 2798 iero
893 2736 1012 2808 ordine,
1045 2754 1105 2814 quo
1132 2735 1270 2827 leguntur
1302 2736 1332 2796 in
1355 2736 1580 2808 commentario,
1608 2735 1715 2797 deinde

356 2851 452 2902 cetera
481 2841 606 2903 subiecit
632 2851 666 2902 ut
692 2860 778 2902 casus
806 2839 882 2901 tulit.
905 2875 944 2882 --
969 2839 1032 2900 Lat.
1048 2839 1088 2900 35
1118 2839 1320 2920 interpretatio
1342 2839 1420 2919 quod
1444 2839 1566 2919 requirit
1584 2842 1716 2920 porticus

355 2947 387 3004 iu
408 2944 529 3013 Palatio,
552 2950 696 3024 porticum
721 2948 753 3006 iu
780 2947 852 3005 circo
874 2941 1015 3004 Flaminio
1043 2942 1170 3023 spatium
1201 2961 1260 3003 non
1290 2943 1379 3023 capit,
1406 2962 1475 3004 cum
1501 2939 1661 3008 interior
1683 2951 1716 3002 et

357 3067 477 3108 rnnnrn
504 3049 616 3110 litterae
643 3066 702 3109 non
726 3047 862 3108 deficiant
884 3046 951 3127 plus
972 3065 1051 3118 rxvr,
1079 3055 1113 3106 ut
1135 3046 1267 3108 videatur
1289 3055 1340 3108 aut
1361 3047 1565 3126 quadratarius
1586 3047 1713 3107 alterum

356 3169 470 3212 comma
497 3151 632 3212 omisisse
658 3159 710 3212 aut
736 3151 799 3232 ipse
827 3149 1018 3211 additamenti
1045 3160 1161 3224 auctor,
1192 3169 1281 3229 quem
1313 3150 1469 3212 verisimile
1492 3160 1538 3211 est
1559 3158 1589 3211 et
1610 3149 1715 3210 Latina

357 3254 509 3335 scripsisse
530 3265 560 3316 et
581 3254 702 3328 Graeca,
729 3253 864 3334 posuisse
882 3257 1012 3334 porticus
1033 3253 1193 3333 complures
1214 3252 1259 3314 vel
1282 3253 1377 3314 simile
1398 3251 1547 3333 quiddam.
1592 3252 1623 3313 ln
1647 3251 1713 3312 edi-

358 3359 435 3419 tione
458 3358 553 3438 priore
576 3377 644 3419 cum
667 3377 719 3436 ego
742 3366 809 3437 post
830 3357 961 3419 Marcelli
980 3357 1091 3417 hiatum
1116 3355 1315 3436 signarissem,
1339 3375 1406 3418 eum
1430 3356 1556 3436 explevit
1570 3355 1714 3434 Bergkius

357 3461 453 3522 verbis
476 3462 513 3522 cd
534 3463 632 3522 oedem
654 3460 799 3541 Apollinis,
823 3460 928 3520 melius
950 3458 1162 3524 ilirschleldius
1184 3480 1213 3540 p.
1229 3460 1291 3522 260
1314 3461 1446 3522 inserens
1465 3464 1608 3540 porticum
1624 3457 1713 3522 Octu-

357 3569 451 3640 uiam3
478 3569 602 3644 porticus
629 3564 673 3624 vel
698 3567 840 3644 porticum
862 3563 1000 3643 reliquiae
1023 3564 1154 3642 flagitant
1167 3562 1177 3632 l
1183 3571 1232 3631 ori
1252 3572 1320 3644 post
1342 3582 1536 3624 mercetur.
1560 3597 1600 3606 -
1617 3561 1714 3642 Opera

357 3672 464 3730 reiecta
486 3667 621 3729 similiter
642 3668 795 3747 desumpta
818 3675 888 3728 sunt
909 3685 954 3728 er.
967 3685 1074 3740 comm,
1090 3669 1120 3738 4,
1143 3665 1257 3728 9-12.
1280 3668 1328 3728 17.
1348 3666 1596 3729 tu-craocus
1619 3665 1715 3725 inter·

357 3790 424 3852 pres
450 3771 480 3832 in
503 3771 660 3851 appendice
683 3770 737 3832 hac
758 3770 879 3832 liberius
906 3779 1039 3832 versatus
1062 3769 1162 3832 omisit
1183 3781 1213 3832 et
1233 3771 1371 3850 pulvinar
1391 3770 1430 3832 od
1452 3773 1573 3842 circum,
1601 3768 1631 3828 in
1655 3787 1715 3848 quo

356 3875 496 3936 vertendo
514 3874 602 3936 etiam
626 3893 714 3954 supra
738 3877 778 3954 (p.
795 3873 846 3950 53)
866 3873 1059 3954 interpretem
1074 3873 1201 3935 vidimus
1223 3872 1415 3945 laborantem,
1437 3880 1467 3933 et
1489 3883 1569 3934 trans
1593 3869 1717 3932 Tiberim

357 3978 526 4040 adiunctum
542 3978 578 4039 ad
594 3996 693 4038 semiss
710 3977 875 4039 Caesarum.
905 3976 1015 4038 Deinde
1031 3978 1211 4057 transposuit
1233 3997 1302 4039 casn
1323 3977 1429 4058 opinor
1445 3973 1592 4038 basilicam
1609 3972 1715 4035 Iuliam

358 4081 563 4161 theatrumque
585 4080 720 4154 Marcelli,
742 4080 813 4142 item
837 4079 968 4161 porticus
996 4099 1159 4158 nemusque
1175 4081 1331 4142 Caesarum
1355 4088 1385 4141 et
1406 4081 1605 4159 aquaeductus
1621 4077 1716 4139 viam-

357 4204 414 4263 que
429 4183 618 4259 Flaminiam3
640 4183 781 4263 Lupercal
796 4191 894 4244 autem
910 4203 946 4244 er
961 4183 1029 4245 sede
1044 4184 1181 4246 inferiore
1204 4185 1276 4264 (quo
1298 4193 1376 4246 certe
1399 4183 1462 4245 solo
1477 4185 1541 4244 loco
1555 4183 1586 4242 in
1602 4181 1716 4242 Latinis

358 4287 485 4368 spatium
516 4297 650 4368 superest
679 4287 818 4350 vocabulo
841 4287 866 4347 ei
889 4287 1055 4366 recipiendo
1078 4287 1242 4364 sufficiens,
1271 4307 1367 4367 neque
1389 4287 1428 4348 ita
1451 4287 1479 4347 id
1502 4285 1590 4347 inseri
1617 4285 1716 4358 debet,

358 4401 392 4451 ut
418 4391 533 4452 aedium
563 4391 814 4453 enumerationem
842 4390 1010 4470 conturbet)
1037 4391 1114 4453 inter
1136 4393 1221 4454 aedes
1243 4391 1400 4452 numinum
1426 4386 1583 4462 transtulit,
1606 4388 1716 4468 quippe

358 4494 466 4556 Graece
489 4494 599 4556 dictum
622 4492 700 4567 ναός
723 4490 843 4566 Πανός.
