3812 5580
884 384 1165 461 ‚anurrnumrra

422 558 591 632 Λυσιμάχου
613 565 700 628 (immo
722 566 878 626 Λυσανίου)
899 564 945 629 τῆς
966 563 996 617 ἐκ
1017 567 1106 632 Συρίᾳ
1125 563 1263 622 Χαλκίδος
1284 564 1414 630 βασιλέως
1437 562 1555 632 Μᾶρκος
1568 561 1709 620 Ἀντώνιος

424 647 439 701 ὁ
463 647 632 722 αὐτοκράτωρ
654 643 704 714 τήν
725 665 753 701 τε
770 648 894 700 Χαλκίδα
916 651 962 701 καὶ
984 647 1048 708 τούς
1070 651 1133 719 περὶ
1150 644 1235 715 αὐτὴν
1252 646 1353 708 κόπους
1368 649 1511 721 παρέδωκε
1528 653 1561 722 τῇ
1581 646 1709 702 Κλεοπά-

423 752 472 807 τρᾳ
493 738 539 786 καὶ
557 731 612 787 ἀπὸ
630 735 707 788 τοῦδε
724 736 770 785 καὶ
786 731 819 785 soi
837 733 939 790 τούτων
956 731 1052 808 ὕστερα
1070 735 1113 800 ἔτη
1193 731 1259 787 κατὰ
1278 733 1326 787 τὸν
1342 733 1426 789 αὑτὸν
1442 732 1549 805 τρόπον
1560 741 1709 806 προστιθε-

421 824 507 890 μένου
530 822 577 874 τοῦ
599 820 722 893 ἀριθμοῦ
743 818 886 893 ἐγράφετο.
920 822 947 874 ld
971 822 1050 889 ipsum
1073 830 1232 873 monumenta
1256 822 1406 874 confirmant
1424 823 1563 887 (Leinonnc
1581 827 1659 876 macr.
1677 821 1709 874 de

422 907 537 980 l'Egpptq
555 909 569 958 2
589 927 611 975 p.
624 910 677 972 90).

354 994 384 1044 ad
403 1010 427 1060 p.
443 996 498 1046 119.
527 996 633 1046 Dissard
653 1003 739 1047 custos
752 995 832 1046 musei
845 995 1020 1057 Lugdunensis
1038 995 1125 1046 docuit
1142 1010 1180 1045 me
1199 992 1235 1059 (v.
1248 994 1359 1061 epistula
1377 996 1475 1046 eiusad
1488 995 1626 1047 Allmernm
1640 996 1709 1046 edita

423 1081 448 1130 ln
468 1082 561 1132 Salleti
584 1083 744 1148 ephemeride
768 1082 940 1134 numismatiea
963 1082 1015 1132 vol.
1032 1084 1059 1135 ll
1081 1098 1103 1148 p.
1119 1082 1176 1145 187)
1201 1097 1313 1132 nummos
1331 1080 1483 1134 liuscinonis
1505 1085 1548 1149 qni
1570 1083 1708 1132 creduntur

423 1168 507 1218 nullos
535 1183 591 1219 esse
619 1175 646 1219 et
668 1185 712 1233 pro
736 1168 904 1233 inscriptione
925 1183 988 1234 quae
1011 1167 1094 1218 iertur
1117 1177 1177 1220 cot
1196 1178 1252 1220 ltvs
1271 1179 1326 1219 tto
1344 1180 1374 1220 vt
1399 1185 1460 1220 vere
1482 1169 1508 1219 in
1533 1183 1631 1219 nummo
1654 1168 1707 1230 legi

422 1265 638 1320 r·ermcrrnvs
656 1265 765 1314 vvrws,
784 1255 849 1320 quod
868 1269 925 1305 essa
943 1254 1031 1304 debuit
1048 1263 1405 1320 r·ermcrrtrvs·vasvs.

354 1340 384 1389 ad
404 1342 498 1406 pilli.
525 1339 588 1391 Poto
614 1348 836 1407 temperamentum
863 1341 994 1392 invenisse
1021 1355 1071 1402 me,
1102 1356 1149 1407 qno
1174 1340 1324 1391 concilietur
1346 1342 1482 1392 verborum
1504 1341 1615 1406 Augusti
1638 1341 1706 1391 iusta

421 1426 601 1492 interpretatio
628 1442 682 1476 cnm
707 1441 792 1476 rerum
815 1427 1013 1493 probabilitate3
1037 1441 1093 1477 nam
1117 1433 1146 1476 ut
1169 1426 1258 1490 negari
1283 1443 1331 1476 non
1355 1434 1441 1493 potest
1462 1434 1569 1494 utraque
1587 1428 1707 1493 Hispania

421 1513 561 1577 significari
580 1513 726 1564 citeriorem
744 1519 770 1563 et
788 1513 939 1565 ulteriorem
957 1514 1053 1566 liberae
1072 1513 1109 1563 rei
1128 1511 1253 1578 publicae,
1271 1513 1308 1563 ita
1326 1529 1413 1579 parum
1431 1515 1562 1580 probabile
1582 1515 1707 1566 Baeticam

421 1614 436 1649 a
455 1599 588 1650 Lusitania
606 1606 749 1665 separatam
767 1614 824 1650 esse
842 1599 868 1649 in
889 1599 962 1650 brevi
981 1599 1122 1652 intervallo
1141 1598 1206 1664 qnod
1224 1598 1374 1649 intercessit
1392 1599 1462 1650 inter
1479 1609 1584 1652 mortem
1597 1601 1707 1665 Augusti

422 1692 447 1735 et
472 1686 497 1736 id
521 1695 617 1753 tempus
642 1703 690 1752 quo
713 1685 805 1737 Strabo
828 1686 1006 1751 geographiam
1029 1701 1099 1737 suam
1121 1684 1244 1735 absolvit
1287 1684 1361 1735 Nihil
1384 1693 1467 1737 autem
1492 1687 1595 1753 impedit
1616 1688 1707 1754 opinor

421 1772 553 1837 quominus
575 1773 722 1838 provinciae
748 1772 840 1822 divisio
864 1772 983 1824 evenerit
1000 1779 1057 1839 post
1075 1771 1190 1822 colonias
1209 1771 1240 1820 ab
1258 1755 1373 1834 Augusto
1391 1773 1418 1822 in
1437 1772 1557 1839 llispania
1576 1774 1707 1839 deductas,

420 1857 551 1924 potuitque
574 1859 692 1925 princeps
713 1859 756 1909 ubl
775 1859 805 1908 de
823 1859 857 1909 iis
870 1858 949 1910 verba
962 1857 1026 1910 lacit
1037 1865 1131 1910 statum
1146 1856 1336 1924 provinciarum
1347 1858 1424 1908 talem
1437 1873 1540 1924 ponere,
1557 1859 1639 1924 qualis
1658 1857 1708 1910 init

421 1959 468 1994 non
488 1961 542 1995 cnm
560 1945 691 1996 scribebat
708 1946 753 1996 sed
772 1960 826 1994 oum
845 1944 1041 1997 deducebantur.

353 2031 384 2080 ad
403 2046 425 2097 p.
441 2031 497 2081 122.
523 2031 643 2083 Coloniae
662 2047 678 2081 a
695 2031 840 2082 triumviris
858 2031 982 2082 deductae
1000 2046 1047 2098 quo
1066 2029 1190 2081 vocabulo
1209 2028 1333 2095 quibusve
1351 2031 1483 2082 vocabulis
1499 2031 1641 2098 appellatae
1654 2032 1708 2081 sint

419 2124 477 2168 ante
498 2117 634 2168 Antonium
659 2117 800 2182 devictum,
822 2117 911 2168 italica
929 2124 1088 2168 monumenta
1107 2133 1152 2168 nec
1171 2117 1313 2166 docuerunt
1330 2117 1411 2167 adhuc
1430 2132 1508 2183 neque
1526 2116 1601 2168 lacile
1620 2124 1707 2183 postea

420 2201 558 2267 docebuntq
579 2219 690 2254 nummos
709 2203 776 2254 enim
794 2219 838 2254 cae
856 2221 905 2254 non
924 2205 1049 2255 cuderunt
1061 2219 1140 2270 neque
1155 2202 1305 2269 sperandum
1319 2209 1358 2253 est
1369 2203 1462 2254 titulos
1475 2203 1541 2255 intra
1554 2219 1633 2254 annos
1646 2203 1707 2254 illos

421 2290 579 2355 perscriptos
603 2291 731 2356 proditum
758 2290 792 2340 iri
813 2289 923 2342 alienius
942 2306 1027 2342 earum
1046 2290 1147 2356 plenum
1167 2302 1256 2338 nomen
1275 2289 1445 2341 enuntiantes.
1481 2289 1531 2341 Sed
1549 2291 1614 2357 quod
1632 2289 1705 2341 ltalia

421 2389 466 2425 nee
490 2374 561 2426 dedit
584 2391 630 2426 nec
653 2376 735 2438 dabit,
760 2375 871 2427 fortasse
892 2377 1037 2443 suppeditat
1054 2375 1217 2438 Macedonia3
1244 2391 1300 2427 nana
1320 2375 1450 2442 Philippus
1467 2393 1522 2427 cnm
1541 2378 1645 2428 colonos
1664 2378 1707 2426 de-

418 2461 509 2511 ductos
533 2477 589 2512 csse
607 2469 666 2528 post
684 2462 808 2529 proellum
826 2463 863 2514 ibi
882 2463 1041 2513 commissum
1059 2478 1081 2513 a.
1095 2463 1143 2512 tit
1156 2461 1247 2512 Strabo
1267 2462 1281 2512 'l
1300 2459 1331 2511 lr.
1345 2462 1375 2511 41
1397 2462 1503 2513 disertis
1522 2478 1601 2529 paene
1620 2463 1706 2513 verbis

420 2546 525 2610 scribat,
544 2547 600 2599 eius
618 2548 735 2599 coloniae
753 2563 831 2615 nuper
850 2550 942 2601 nummi
960 2549 1081 2600 videntur
1098 2548 1192 2615 prolati
1209 2562 1267 2598 csse
1285 2549 1340 2598 cusi
1359 2555 1417 2599 ante
1430 2549 1553 2614 proelium
1565 2549 1706 2600 Actiacum.

419 2633 525 2684 Scilicet
549 2642 652 2700 praeter
676 2650 728 2700 eos,
751 2635 842 2699 quibus
860 2637 1008 2702 inscriptum
1026 2642 1067 2686 est
1083 2632 1387 2701 eotAog.1at.Pbibp.,
1407 2637 1565 2701 posteriores
1585 2634 1708 2686 videlicet

419 2719 567 2783 annulli,
589 2735 637 2786 qno
663 2721 759 2772 Caesar
775 2721 885 2786 Augusti
908 2737 995 2772 nornen
1019 2723 1173 2788 adsumpsit,
1196 2723 1314 2786 egregius
1339 2721 1528 2772 numismatibus
1552 2718 1708 2772 F.'lmhool-

418 2805 520 2856 Blnmer
539 2807 680 2869 (moacas'ss
704 2805 835 2873 Gracqaaa.
867 2808 1064 2860 Amstelaedami
1090 2808 1164 2860 1883.
1190 2825 1213 2875 p.
1233 2807 1293 2873 25³)
1320 2808 1350 2857 ad
1377 2808 1481 2858 candem
1508 2822 1559 2857 rem
1583 2806 1706 2874 publicam

419 2891 553 2943 revocavit
572 2908 684 2944 nummos
703 2893 825 2945 habentes
843 2894 869 2944 in
882 2895 967 2945 antica
980 2901 1024 2945 aot
1036 2902 1113 2961 caput
1125 2894 1232 2947 Antonii
1244 2900 1290 2944 aut
1302 2900 1377 2959 caput
1389 2893 1513 2944 muliebre
1526 2900 1570 2944 aut
1583 2890 1707 2960 praeieri-

419 2977 503 3030 cnlurn
519 2985 565 3030 aut
582 2994 669 3046 aprum
687 2980 824 3046 adscriptis
843 2979 941 3030 litteris
960 2980 1094 3048 dispositis
1112 2980 1159 3041 sic,
1178 2981 1222 3031 sed
1236 2987 1265 3030 ut
1276 2980 1364 3046 qnintn
1376 2978 1448 3030 modo
1461 2979 1529 3031 adsit
1541 2979 1613 3031 modo
1627 2979 1706 3032 absit:

963 3082 984 3120 Α
1086 3080 1094 3119 l

962 3165 981 3206 C
1082 3165 1103 3205 V

1019 3252 1035 3291 Ρ

418 3323 444 3373 in
466 3324 565 3390 postica
588 3323 705 3375 colonum
727 3330 840 3375 arantem
863 3325 905 3376 vel
927 3332 1041 3377 aratrum
1061 3326 1102 3377 vel
1120 3326 1297 3391 magistratum
1316 3331 1429 3390 togatum
1448 3326 1578 3376 sedentem
1595 3326 1622 3377 in
1642 3325 1708 3377 sella

418 3411 503 3460 curuli
525 3411 662 3477 adscriptis
686 3410 774 3462 verbis
793 3419 1216 3476 Qi’aqylvs·itVF·tEG·c·t)‚
1239 3412 1312 3460 modo
1337 3411 1388 3475 sic,
1411 3412 1484 3462 modo
1507 3413 1632 3463 vocabulo
1652 3423 1705 3465 tto

417 3497 554 3562 separatim
572 3498 724 3564 perscripto.
757 3496 855 3547 Prioris
874 3497 1052 3564 inscriptionis
1070 3498 1153 3549 tribus
1171 3497 1269 3548 litteris
1288 3498 1412 3548 extremis
1430 3498 1572 3562 signilicari
1584 3497 1707 3550 colonium

417 3585 545 3634 victricem
564 3584 695 3653 Philippos
712 3582 846 3634 lmhooliua
864 3585 969 3648 statuit,
993 3591 1064 3636 recte
1084 3584 1194 3648 omnino,
1213 3599 1268 3634 cum
1287 3582 1405 3634 victricis
1423 3583 1561 3650 appellatio
1579 3585 1707 3651 Philippo·

416 3684 473 3719 rum
495 3666 646 3720 defendatur
671 3686 718 3719 non
742 3676 792 3719 tam
815 3669 893 3720 titulo
917 3671 1141 3737 interpretationis
1164 3685 1249 3736 parum
1274 3677 1359 3720 certae
1383 3668 1409 3719 C.
1428 3668 1445 3719 l.
1461 3668 1492 3722 L.
1510 3668 1550 3732 ill,
1568 3671 1617 3721 660
1635 3685 1707 3736 quam

418 3770 514 3805 nummo
533 3757 613 3806 musei
626 3755 775 3820 Margaritia
793 3771 873 3820 nuper
892 3757 960 3808 edito
973 3755 1057 3808 Ilsuuc
1073 3758 1272 3822 comminatique
1288 3755 1318 3808 N.
1332 3755 1357 3805 S.
1374 3755 1404 3805 15
1417 3756 1608 3822 ituit-1877)
1621 3773 1645 3822 p.
1657 3757 1707 3807 tto

416 3840 469 3891 tab.
486 3841 515 3891 16
529 3859 552 3891 n.
567 3845 608 3907 15,
627 3843 699 3893 cuius
711 3841 797 3893 antica
809 3841 885 3894 habet
897 3853 949 3896 vic
961 3859 1037 3909 supra
1050 3858 1108 3894 aras
1121 3843 1183 3894 duas
1196 3840 1274 3908 (inira
1288 3840 1400 3908 scriptae
1412 3841 1518 3893 litterae
1531 3843 1708 3904 evanuerunt),

417 3927 515 3994 postica
540 3934 654 3978 aratrum
681 3928 819 3995 adscriptis
844 3929 975 3980 vocabulis
999 3940 1060 3982 cot
1083 3941 1157 3982 ritib.
1195 3929 1264 3994 Quae
1283 3929 1436 3993 praecedunt
1454 3929 1518 3980 dnae
1537 3929 1640 3980 litterae
1659 3943 1679 3980 Α
1698 3939 1706 3979 t

417 4029 471 4063 cum
490 4012 582 4064 multas
601 4020 628 4064 et
646 4015 733 4065 varlas
752 4014 980 4080 interpretationes
998 4016 1079 4066 adbuc
1097 4015 1233 4078 subierint,
1251 4015 1282 4064 ad
1295 4014 1432 4065 Antonium
1450 4021 1534 4065 autern
1546 4015 1708 4080 aliquatenus

417 4113 460 4150 eas
478 4100 609 4166 pertinere
627 4100 742 4166 plerique
760 4102 930 4165 consentiant,
948 4101 1010 4152 mihi
1027 4103 1077 4152 iam
1096 4101 1236 4152 verisimile
1256 4099 1360 4150 videtur
1372 4100 1508 4151 solvendas
1521 4115 1578 4151 esse
1590 4098 1708 4167 Atatem)

417 4185 534 4252 et1(ule)
557 4194 585 4238 et
608 4187 645 4237 ita
668 4186 809 4250 signilicarl
827 4187 952 4238 coloniam
972 4203 1025 4239 eant
1044 4187 1125 4238 luisse
1143 4187 1278 4237 Antoniam
1296 4184 1397 4250 lulium,
1419 4187 1587 4253 praecedente
1607 4187 1709 4237 scilieet

417 4273 516 4324 nomine
534 4273 607 4324 illins
625 4279 654 4324 ut
676 4274 806 4340 praeeedit
829 4275 854 4324 in
873 4273 955 4325 lastis.
993 4273 1019 4324 ln
1037 4274 1136 4340 postica
1155 4274 1213 4340 quid
1232 4271 1405 4336 significetur,
1428 4271 1488 4323 item
1507 4271 1707 4323 dubitationibus

416 4356 551 4409 obnoxium
579 4367 626 4410 cst.
667 4359 826 4411 Litterarum
851 4369 910 4412 c·n
933 4375 948 4410 a
972 4373 1010 4409 me
1035 4359 1098 4424 apud
1124 4357 1266 4408 lmhoolium
1291 4357 1308 4408 l.
1327 4373 1348 4407 c.
1373 4357 1502 4423 proposita
1525 4357 1708 4423 interpretatio

416 4445 638 4514 electeriploram)
661 4446 780 4513 discreto)
805 4446 847 4498 vel
870 4444 1004 4511 dormito)
1026 4444 1218 4509 discut-ionum)
1241 4459 1271 4494 eo
1290 4445 1396 4508 nititur,
1419 4443 1484 4511 qnod
1504 4454 1559 4494 tto
1578 4458 1627 4492 non
1647 4459 1708 4494 con·

416 4536 516 4582 stanter
534 4532 566 4582 ils
589 4533 775 4598 praemittitnr3
798 4532 843 4584 sed
867 4538 952 4597 potest
976 4532 1038 4582 item
1061 4547 1124 4582 vera
1146 4546 1202 4582 esse
1225 4531 1329 4596 antiqua
1347 4531 1527 4596 interpretatio
1549 4528 1576 4591 Q.
1594 4529 1709 4594 Paqm'asa

416 4614 526 4680 Rullus)
545 4617 666 4686 legistin)
684 4617 815 4686 moloniae)
833 4617 1018 4682 dledueendae).
1041 4617 1102 4669 Utnt
1121 4624 1169 4676 est,
1183 4614 1264 4668 llnlus
1277 4618 1378 4682 legatus
1390 4617 1495 4669 videtur
1507 4615 1587 4667 luisse
1600 4616 1708 4668 Antonii

417 4704 508 4754 missus
526 4702 659 4771 Philippos
676 4707 707 4756 ad
726 4706 832 4756 colonos
850 4705 1018 4756 deducendos.
1647 4713 1654 4727 ·

347 4791 378 4841 ad
397 4806 420 4857 p.
436 4791 492 4844 124.
522 4788 567 4842 Gr.
582 4792 622 4857 lb,
635 4791 667 4841 ta
687 4793 797 4849 πλείους
815 4800 886 4843 recte
903 4791 1043 4855 Berqbins3
1061 4791 1099 4841 ita
1117 4791 1183 4841 enim
1202 4787 1334 4857 complura
1352 4789 1433 4840 vertit
1452 4789 1590 4857 interpres.
