3812 5580
505 1599 728 1686 GRAECI
761 1599 1018 1683 HOMINIS
1050 1597 1556 1684 ADDITAlIElN'PVM.

454 1911 593 1990 Sequitur
615 1911 743 1972 clausula
767 1929 826 1971 non
849 1913 978 1989 prolecta
1000 1910 1037 1971 ab
1052 1911 1185 1990 Augusto
1200 1910 1275 1971 male
1292 1906 1400 1989 scripta
1417 1918 1475 1970 tam
1493 1909 1594 1970 lactine
1616 1930 1706 1990 quam

352 2017 460 2078 Graece
487 2025 516 2077 et
537 2024 711 2095 argumento
734 2013 829 2088 exilis,
858 2032 926 2074 uam
950 2033 985 2074 ex
1007 2013 1096 2075 rebus
1118 2013 1207 2093 gestis
1230 2012 1303 2074 tanti
1324 2012 1379 2074 viri
1401 2031 1460 2074 non
1483 2013 1710 2093 comprehendit

352 2119 408 2182 nisi
440 2121 476 2183 de
503 2140 558 2182 suo
584 2138 659 2198 quae
686 2117 812 2197 erogarit
839 2117 869 2178 in
898 2117 1027 2180 aedilicia
1055 2117 1140 2179 ludos
1168 2117 1354 2189 donationes,
1389 2124 1538 2196 tamquam
1568 2117 1711 2180 duumvir

281 2279 284 2290 ,
351 2223 480 2304 oppiduli
509 2222 630 2284 alicuius
657 2223 808 2300 Augustus
830 2222 947 2294 luisset,
978 2241 1038 2283 non
1066 2222 1225 2302 imperator
1248 2220 1348 2301 populi
1370 2221 1505 2282 Romani.
1550 2222 1644 2295 Quam
1668 2223 1708 2284 ob

350 2345 413 2387 rem
447 2327 499 2406 qui
531 2326 721 2406 appendicem
755 2325 830 2387 hanc
862 2325 898 2386 ad
927 2325 1077 2388 Tiberium
1105 2329 1250 2396 referunt,
1285 2325 1398 2404 egregie
1430 2325 1585 2398 lalluntur;
1614 2325 1708 2387 immo

351 2429 453 2491 Graeci
475 2429 602 2491 hominis
625 2448 688 2491 esse
711 2427 840 2490 ostendit
863 2428 989 2489 maxime
1011 2427 1172 2489 denariaria
1194 2427 1269 2489 ratio
1291 2428 1379 2489 etiam
1396 2429 1426 2490 in
1441 2429 1554 2490 Latinis
1569 2429 1708 2502 admissa,

351 2551 418 2593 curn
441 2532 472 2592 in
496 2532 656 2594 maioribus
678 2529 803 2592 summis
826 2532 958 2610 (namin
982 2530 1145 2592 minoribus
1168 2531 1255 2592 etiam
1278 2531 1429 2611 Augustus
1452 2532 1587 2594 denarios
1609 2532 1710 2613 posuit

352 2635 380 2708 3,
404 2635 452 2696 16.
477 2634 530 2714 20)
554 2632 761 2696 sestertiariam
785 2636 914 2714 requirat
933 2635 1065 2696 Romana
1087 2635 1269 2697 consuetudo
1292 2635 1328 2696 ab
1350 2635 1414 2715 ipso
1436 2637 1569 2716 Augusto
1590 2655 1709 2716 semper

351 2739 512 2800 observata.
551 2738 701 2800 Praeterea
724 2756 822 2798 sermo
837 2757 897 2799 non
912 2738 1008 2800 solum
1026 2739 1118 2800 multo
1143 2738 1241 2799 minus
1263 2738 1378 2816 elegans
1400 2748 1445 2800 est
1467 2749 1497 2800 et
1511 2739 1611 2800 minus
1626 2739 1710 2800 Lati-

351 2861 518 2922 nusquam
541 2841 634 2921 ipsius
657 2840 869 2914 commentarii,
893 2849 926 2901 ut
949 2841 996 2902 hle
1019 2849 1089 2902 sunt
1110 2843 1267 2920 spectaculo
1288 2843 1317 2914 6,
1341 2841 1557 2923 caproneis
1580 2853 1609 2905 et
1630 2863 1709 2904 nort-

350 2946 462 3006 mocltio
490 2946 519 3018 6,
536 2946 575 3006 40
604 2963 657 3024 pro
687 2964 721 3005 eo
750 2945 827 3023 quod
849 2945 1001 3024 Augustus
1024 2944 1096 3006 dixit
1118 2946 1146 3018 4,
1169 2945 1208 3005 43
1231 2945 1344 3007 naualis
1362 2945 1456 3026 proeli
1474 2946 1708 3026 spectaculum¹),

350 3049 476 3128 denique
507 3048 536 3108 in
565 3051 677 3108 summo
699 3048 727 3120 6,
751 3047 792 3108 29
820 3067 893 3127 apex
915 3066 1068 3128 perperam
1091 3049 1222 3128 positus3
1251 3049 1301 3109 sed
1323 3049 1413 3110 etiam
1435 3049 1612 3127 quibusdam
1633 3048 1709 3110 locis

351 3151 412 3213 hiat
434 3161 464 3212 et
486 3151 534 3211 vix
556 3151 627 3212 satis
649 3151 836 3229 intellegitur.
874 3151 1005 3230 Denique
1018 3165 1095 3212 ¹cum
1119 3171 1194 3230 quae
1216 3151 1247 3212 in
1269 3151 1429 3232 appendice
1451 3152 1591 3232 leguntur
1612 3153 1709 3232 plera-

350 3274 407 3334 que
429 3254 545 3336 inipso
568 3254 780 3315 commentario
802 3255 923 3315 redeant
944 3254 1109 3316 accuratius
1131 3255 1305 3335 pleniusque
1320 3256 1404 3335 longe
1420 3256 1589 3336 perscripta,
1613 3274 1708 3318 unum

350 3358 429 3437 quod
462 3357 491 3418 in
525 3377 558 3418 eu
585 3360 712 3418 retertur
738 3357 774 3418 ab
804 3357 936 3436 Augusto
965 3357 1223 3437 praetermissum,
1251 3377 1357 3439 nempe
1385 3359 1467 3420 locus
1494 3359 1529 3420 de
1556 3360 1641 3420 donis
1671 3361 1709 3421 ab

350 3463 483 3541 Augusto
505 3461 579 3522 datis
602 3461 768 3524 civitatibus
790 3461 978 3543 privatisque,
1001 3479 1179 3541 quamquam
1203 3461 1291 3523 etiam
1307 3461 1405 3523 ltaliae
1427 3471 1655 3542 senatorumque
1676 3463 1710 3524 in

350 3584 385 3626 eo
413 3564 524 3626 mentio
546 3565 592 3638 lit,
622 3565 827 3646 proviacialem
857 3573 1006 3626 auctorem
1030 3584 1065 3626 eo
1087 3564 1200 3646 prodit,
1227 3565 1306 3645 quod
1327 3565 1513 3626 liberalitates
1535 3565 1655 3628 collatae
1676 3565 1710 3628 in

351 3668 456 3749 oppida
479 3667 695 3748 proeiuciarum
722 3677 816 3730 terrae
847 3677 929 3729 motu
956 3667 1082 3746 collapsa
1111 3666 1219 3729 diserte
1242 3668 1281 3728 ibi
1304 3667 1505 3730 enuntiantur.
1550 3669 1634 3742 Quod
1656 3669 1709 3749 qui

351 3790 459 3852 ponere
487 3773 587 3844 vellet,
620 3791 687 3834 eum
717 3791 754 3834 ne
782 3771 829 3833 illa
859 3770 978 3850 quidem
1000 3779 1079 3832 recte
1102 3771 1260 3852 praeterire
1281 3771 1413 3851 potuisse
1435 3781 1563 3852 apparet
1607 3772 1710 3852 ltaque

351 3874 423 3936 haec
446 3874 567 3937 veniunt
588 3885 640 3937 aut
661 3875 698 3936 ab
719 3877 889 3956 interprete,
912 3875 961 3936 cui
983 3875 1094 3954 legatus
1115 3874 1280 3954 provinciae
1293 3874 1421 3936 Galatiae
1435 3876 1584 3955 exemplar
1605 3875 1711 3938 Latius

351 3979 523 4040 vertendum
553 3979 684 4050 tradidit,
717 3989 750 4042 ut
775 3977 899 4040 indicem
929 3995 1029 4038 rerum
1059 3987 1206 4056 gestarum
1237 3977 1295 4038 divi
1317 3978 1440 4058 Augusti
1462 3988 1586 4058 utraque
1609 3976 1710 4058 lingua

352 4080 467 4161 publice
489 4082 713 4161 proponendum
735 4100 803 4142 cum
826 4081 992 4144 civitatibus
1014 4080 1180 4161 provinciae
1203 4101 1273 4143 suae
1295 4082 1536 4153 communicaret,
1563 4091 1614 4143 aut
1635 4082 1710 4143 adeo

351 4185 461 4246 adiecta
489 4195 597 4246 sunta
621 4185 837 4265 magistratibus
859 4185 1028 4265 Ancyranis.
1052 4221 1093 4230 -
1116 4185 1206 4246 Nobis
1228 4184 1372 4266 appendix
1395 4203 1431 4246 ne
1455 4184 1630 4264 ecquidem
1653 4203 1711 4244 no·

352 4287 432 4348 mine
455 4288 583 4368 prodest,
606 4288 684 4368 quod
707 4289 804 4350 hiatus
826 4287 1030 4350 commentarii
1053 4288 1165 4369 explet,
1188 4307 1256 4351 narn
1276 4307 1351 4368 quae
1366 4287 1414 4350 hic
1428 4289 1574 4368 leguntur,
1597 4287 1710 4368 inipso

353 4389 451 4451 omnia
473 4391 543 4452 item
567 4402 736 4471 supersunt.

452 4631 472 4694 ¹)
492 4629 597 4681 Addidit
615 4631 738 4696 Bergkius
759 4649 781 4697 p.
800 4633 815 4682 9
834 4633 963 4683 theutrum
983 4635 1091 4702 Pornpci
1108 4634 1132 4697 6,
1145 4633 1187 4697 3Ἱ,
1206 4649 1260 4682 curn
1281 4633 1431 4700 Pornpeium
1448 4631 1484 4682 sit
1501 4632 1526 4695 4,
1540 4632 1564 4682 9.
