3812 5580
682 440 1081 499 rmvuvsrravarmvs
1498 453 1559 516 175

203 620 415 698 distinxerunt3
448 621 602 701 legendum
628 621 763 683 omnino:
799 622 876 684 matt
908 623 947 684 ad
978 633 1099 685 veterem
1196 624 1390 705 Sulpiciorum
1416 629 1560 708 familiam

204 723 354 796 Quirr'nias
371 729 523 805 pertinuit,
553 728 674 805 impiper
694 725 814 788 militiae
836 735 862 786 et
883 726 998 788 acribus
1020 729 1185 788 ministeriis
1217 730 1396 791 consulatum
1492 752 1562 795 moa

203 830 325 907 t'csipnia
347 829 487 909 triumphi
507 829 625 908 adeptas
648 828 785 909 datusque
806 839 901 890 rector
918 828 948 890 G.
967 828 1085 891 Caesari
1103 829 1268 894 Armeniam
1290 833 1432 896 obtinenti.
1479 835 1562 898 Tibe-

202 933 279 990 riam
300 948 408 1011 puopoe
430 929 525 992 lllcodi
551 941 678 1011 aperilem
704 933 838 1002 coluerat,
865 934 940 1013 puod
966 942 1033 994 tunc
1051 935 1184 1012 patefecit
1212 938 1364 996 incenato
1387 937 1510 999 incedatis
1531 943 1563 1000 ia

202 1052 230 1094 sc
253 1033 357 1114 officiis
379 1045 405 1094 et
426 1039 553 1096 incusato
576 1034 614 1095 M.
638 1034 738 1109 Lollio,
761 1053 841 1116 quem
863 1045 1007 1098 auctorem
1032 1035 1062 1096 C.
1082 1035 1202 1098 Caesari
1223 1042 1375 1117 pravitatis
1402 1051 1427 1101 ct
1450 1041 1561 1102 discor-

202 1136 316 1197 diarum
344 1137 490 1217 orpueliot.
541 1137 678 1200 Coluerat
707 1145 805 1199 autem
835 1138 932 1200 Rhodi
959 1137 1110 1200 Tiberium
1139 1138 1292 1211 Quicinius
1321 1150 1370 1202 aut
1402 1161 1428 1203 a.
1445 1143 1503 1204 751
1530 1144 1562 1204 in

204 1238 316 1319 Syriam
339 1240 528 1320 proficiscens
550 1249 602 1303 aut
624 1241 653 1301 in
674 1240 773 1301 Asiam
796 1241 985 1322 proficiscens
1008 1242 1043 1302 ad
1065 1242 1305 1323 proconsulatum
1330 1244 1560 1325 suscipiendum.

202 1341 274 1402 Nam
310 1351 425 1404 mutum
460 1344 542 1406 abest
575 1353 609 1405 ut
641 1351 756 1405 constet
788 1343 882 1406 Rama
920 1364 989 1406 eum
1025 1345 1060 1406 ad
1099 1344 1203 1406 Gaium
1239 1345 1366 1420 venisse,
1402 1357 1435 1409 ut
1469 1347 1562 1428 magis

203 1444 377 1507 crediderim
411 1449 487 1508 torte
519 1466 574 1527 pro
607 1447 728 1508 consule
764 1447 862 1508 Asiam
896 1456 1045 1528 regentem
1083 1447 1119 1509 ab
1153 1449 1285 1528 Augusto
1319 1449 1354 1511 ad
1392 1449 1483 1512 filium
1519 1451 1561 1512 ire

204 1549 318 1610 iussum
351 1567 425 1611 esse.
481 1549 614 1613 Vidimus
647 1549 726 1611 enim
757 1568 825 1612 eum
852 1550 951 1612 baiam
986 1569 1087 1631 regere
1116 1551 1250 1630 potuisse
1282 1569 1336 1632 per
1362 1571 1387 1613 a.
1405 1551 1499 1622 755t6
1533 1563 1563 1615 et

203 1649 340 1732 deinceps
362 1660 392 1713 et
413 1652 453 1714 ita
475 1672 509 1714 eo
532 1653 596 1734 ipso
626 1661 766 1733 tempore,
797 1673 856 1733 quo
879 1654 989 1716 Lollius
1019 1654 1099 1728 obiit,
1127 1653 1158 1714 in
1185 1654 1252 1715 Asia
1280 1654 1413 1735 potuisse
1445 1656 1562 1718 morari.

202 1753 288 1826 Quod
325 1754 350 1816 si
386 1754 425 1816 ita
462 1759 571 1818 lactum
610 1765 655 1818 est
691 1765 720 1818 et
762 1756 830 1818 inde
872 1757 908 1818 ab
950 1757 1054 1819 itinere
1096 1757 1146 1819 illo
1189 1759 1328 1821 continua
1370 1759 1563 1821 dimoratione

203 1856 356 1930 Quirinius
379 1857 409 1918 in
433 1857 554 1921 Oriente
578 1860 695 1933 mansit,
723 1857 812 1921 etiam
840 1879 927 1921 causa
950 1870 1079 1941 apparet,
1108 1861 1212 1923 curin
1235 1861 1298 1922 eius
1324 1861 1489 1924 laudatione
1512 1861 1563 1922 'li-

203 1959 303 2021 berius
336 1961 542 2023 salutationem
577 1961 754 2024 Rhodiacam
778 1971 808 2024 et
834 1962 964 2025 officium
998 1963 1035 2025 ab
1063 1983 1089 2026 a.
1105 1965 1166 2026 755
1196 1964 1227 2026 C.
1247 1964 1362 2026 Caesari
1396 1965 1559 2027 exhibitum

203 2062 396 2125 coniunxerit.
430 2099 472 2108 —
504 2063 629 2145 Nuptiae
667 2074 780 2138 autem,
817 2084 890 2146 quas
924 2065 1077 2138 Quirinius
1114 2085 1182 2129 cum
1217 2067 1325 2148 Lepida
1358 2067 1443 2141 lecit,
1479 2067 1563 2128 facile

203 2165 413 2246 expediuntur3
435 2184 504 2228 nam
528 2186 596 2228 cum
619 2176 735 2230 constet
757 2168 931 2231 Suetonium
958 2169 1034 2246 trib.
1050 2169 1104 2250 49)
1126 2169 1223 2250 paullo
1245 2170 1393 2232 liberalius
1414 2171 1492 2232 iuter
1513 2188 1563 2231 eas

203 2268 330 2349 nuptias,
353 2288 428 2349 quae
449 2278 518 2331 ante
533 2270 623 2332 finem
638 2290 664 2331 a.
681 2271 742 2332 755
759 2272 899 2334 celebrari
918 2291 977 2333 non
994 2281 1163 2354 potueruut,
1186 2281 1216 2334 et
1230 2274 1446 2336 accusationem
1462 2291 1488 2334 a.
1501 2272 1562 2334 773

203 2389 374 2433 numerasse
389 2391 483 2434 anuos
498 2372 610 2452 viginti,
626 2373 697 2452 quid
713 2373 844 2454 impedit,
867 2375 1028 2455 quominus
1044 2376 1163 2457 nuptiae
1178 2376 1339 2439 reiciantur
1353 2384 1422 2457 post
1436 2376 1563 2450 Quirinii

203 2491 237 2534 ex
259 2475 339 2554 Syria
361 2474 490 2537 reditum
513 2475 548 2536 ad
571 2493 597 2536 a.
620 2494 645 2536 c.
662 2473 748 2536 757?
792 2476 876 2549 Quod
900 2478 996 2541 sicui
1024 2479 1151 2559 spatium
1181 2480 1307 2542 sedecim
1336 2498 1481 2541 annorum
1509 2497 1563 2560 pro

203 2577 305 2656 viginti
329 2579 463 2642 Suetonii
485 2578 648 2658 displiceat,
671 2587 762 2660 ponat
784 2580 923 2662 Lepidam
947 2581 1082 2654 Quirinio
1104 2582 1241 2664 nupsisse
1271 2592 1323 2645 aut
1352 2591 1421 2645 aute
1446 2586 1563 2664 proiec-

203 2681 313 2742 tionem
337 2682 446 2743 Romae
469 2681 571 2743 autin
595 2681 695 2762 Syria3
719 2692 797 2747 certe
819 2703 906 2747 nemo
930 2684 1049 2746 refellet

303 2784 331 2846 3.
366 2785 468 2847 Restat
498 2784 673 2846 notissimus
703 2787 784 2848 locus
808 2787 952 2862 Luccei,
977 2788 1009 2847 1:
1042 2784 1169 2864 ἐγένετο
1197 2785 1235 2849 δὲ
1261 2785 1297 2849 ἓν
1322 2796 1397 2859 ταῖς
1425 2783 1564 2870 η“μέραις

203 2879 356 2963 ἐκείναις,
380 2886 521 2972 ἐξῆλθεν
543 2884 652 2969 δόγμα
676 2888 769 2972 παρὰ
797 2892 963 2973 Καίσαρος
990 2885 1185 2967 Αὐγούστου
1208 2885 1472 2972 ἀπογράφεσθαι
1496 2889 1563 2951 ποῖ-

205 3006 267 3053 σαν
299 2990 358 3073 τὴν
385 2991 598 3076 οἰκουμένην·
633 2987 715 3076 αὕτη
745 2988 924 3076 ἀπογραφὴ
949 2989 1060 3075 πρώτη
1084 2990 1211 3070 ἐγένετο
1235 2987 1486 3076 ἡγεμονεύοντος
1508 2991 1564 3074 τῆς

204 3095 325 3175 Συρίας
353 3097 517 3177 Κυρηνίου
545 3095 602 3176 (sio
623 3096 686 3158 cod.
711 3095 883 3172 Sinaiticus3
916 3099 1080 3179 Κηρυνίυυ
1103 3096 1167 3158 οοτί.
1190 3095 1285 3170 Δίοις
1313 3095 1476 3176 Κυρείνου
1499 3094 1563 3155 cod.

204 3196 317 3272 Vatia).
355 3196 396 3258 De
419 3217 478 3277 quo
500 3208 657 3280 postquam
682 3207 726 3261 tot
746 3199 802 3261 viri
825 3199 903 3261 docti
925 3208 983 3261 tam
1008 3199 1099 3260 multe
1123 3199 1268 3271 dixerunt,
1291 3216 1344 3277 ego
1365 3216 1402 3258 ne
1425 3196 1564 3258 volumen

204 3300 403 3374 conscribam,
432 3301 468 3362 ab
496 3302 577 3363 omni
606 3302 739 3383 priorum
768 3311 797 3364 et
823 3301 1051 3383 reprehensione
1080 3310 1108 3364 et
1130 3301 1297 3363 laudatione
1318 3300 1469 3362 abstinens
1492 3299 1563 3361 satis

204 3403 317 3466 habebo
346 3423 441 3466 meam
471 3405 647 3467 sententiam
670 3404 798 3467 breviter
820 3404 1037 3484 significavisse.
1083 3403 1178 3466 Lucae
1200 3404 1236 3465 de
1257 3404 1312 3466 bac
1334 3423 1366 3464 re
1388 3403 1466 3484 quod
1482 3411 1562 3464 attu-

203 3507 293 3570 limus
314 3507 516 3570 testimonium
535 3509 621 3588 plane
643 3508 806 3570 solitarium
829 3517 883 3583 est,
904 3527 972 3571 nam
994 3509 1105 3588 reliqua
1125 3506 1270 3588 evangelia
1291 3507 1327 3568 de
1348 3525 1435 3569 censu
1458 3514 1563 3578 tacent,

205 3612 364 3692 scriptores
386 3620 484 3672 autem
507 3610 695 3673 ecclesiastici
714 3631 749 3672 ex
766 3611 843 3674 Luca
862 3612 993 3693 pendent
1008 3630 1120 3673 omnes.
1165 3609 1250 3682 Quod
1265 3609 1352 3671 etiam
1370 3610 1400 3671 in
1415 3609 1563 3671 lustinum

204 3715 306 3776 cadere
337 3721 452 3775 constat
478 3733 545 3775 cum
573 3733 608 3776 er
634 3714 781 3776 librorum
809 3715 870 3776 eius
897 3713 1034 3776 universa
1060 3713 1158 3775 indole
1183 3714 1223 3793 (v.
1251 3714 1366 3776 Strauls
1391 3712 1443 3773 das
1472 3711 1565 3772 Labeo

206 3816 276 3878 lero
295 3818 350 3895 sir
371 3819 424 3878 das
450 3817 519 3879 Vallo
541 3837 569 3898 p.
588 3817 628 3879 56
644 3819 701 3898 sq.)
728 3826 792 3880 tum
820 3837 855 3878 ex
881 3819 1099 3898 comparatione
1126 3815 1302 3878 narrationis
1328 3815 1392 3876 eius
1418 3815 1453 3875 de
1474 3832 1564 3875 censu

205 3919 260 3981 hoo
287 3919 412 4001 (apolog.
435 3920 448 3981 l
474 3940 499 3981 c.
522 3920 573 3981 34.
601 3921 661 3996 463
688 3920 754 3982 dial.
781 3941 849 3983 cum
877 3921 985 4002 Trypb.
1012 3939 1036 3981 ο.
1054 3919 1108 3999 78)
1134 3937 1201 3981 cum
1229 3918 1324 3979 Lucae
1350 3916 1446 3978 verbis
1474 3934 1564 3997 supra

204 4023 319 4099 relatis3
346 4043 413 4085 nam
442 4041 530 4103 quem
561 4023 654 4086 Lucas
679 4033 760 4086 recte
786 4024 912 4106 appellat
936 4023 1065 4102 legatum
1094 4021 1208 4102 Syriae,
1235 4039 1302 4082 eum
1329 4019 1461 4082 lustinus
1488 4021 1564 4081 male

207 4126 275 4188 iecit
301 4135 521 4206 procuratorem
549 4125 670 4188 iudaeae
697 4127 728 4208 (l.
756 4146 780 4190 c.
808 4127 920 4208 apolog.
946 4126 959 4187 l
985 4146 1011 4186 ο.
1037 4125 1092 4186 34;
1125 4119 1167 4196 ὠς
1189 4121 1244 4184 καὶ
1268 4125 1393 4208 μαθεῖν
1415 4113 1566 4184 δύνασθε

205 4225 240 4289 ἐκ
261 4229 329 4290 τῶν
351 4225 556 4312 ἀπογραφῶν
577 4230 642 4292 τῶν
663 4227 846 4312 γενομένων
867 4227 924 4292 ἐπὶ
945 4229 1109 4313 Κυρηνίου
1131 4225 1189 4288 τοῦ
1204 4220 1359 4308 ὑμετέρου
1375 4219 1566 4304 ἕνἸοοδαίρ

186 4311 340 4412 Ιπρώτον
363 4333 540 4412 γενομένου
564 4327 774 4413 ἐπιτρόπου),
802 4333 911 4395 scilicet
938 4330 1079 4393 memoria
1106 4330 1205 4391 minus
1232 4329 1287 4392 bda
1315 4338 1349 4391 ut
1374 4329 1448 4390 solet
1471 4330 1565 4390 citans

206 4441 235 4494 et
257 4433 332 4496 male
353 4435 484 4515 cogitans
505 4435 541 4496 de
562 4435 608 4498 sui
628 4435 770 4516 temporis
793 4442 982 4515 procuratore
998 4431 1098 4512 Syriae
1114 4431 1293 4493 Palaestinae
1310 4431 1441 4511 (Henzen
1458 4429 1565 4511 5530).

207 4570 247 4580 —-
274 4536 368 4598 Lucas
391 4545 490 4600 autem
512 4539 575 4620 ipse
598 4538 645 4600 illa
668 4538 799 4600 scribens
821 4538 852 4598 in
875 4545 975 4598 mente
997 4534 1100 4597 habuit
1124 4553 1199 4614 quae
1221 4534 1365 4615 losepbus'
1390 4535 1409 4595 l.
1427 4535 1465 4595 17
1493 4545 1565 4595 extr.

207 4639 249 4701 sic
273 4643 380 4702 refert:
415 4640 470 4723 τῆς
500 4638 673 4726 Ἀρχελάου
705 4638 813 4724 χώρας
845 4635 1026 4710 ὑποτελοῦς
1060 4639 1350 4720 προσνεμηθείσης
1383 4637 1422 4724 τῇ
1452 4633 1567 4716 Σύρων

207 4743 376 4825 πέμπεται
404 4742 566 4828 Κυρήνιος
587 4737 655 4809 iord
682 4748 851 4826 Καίσαρος
873 4737 955 4826 ἀνὴρ
977 4736 1139 4812 ὑπατικὸς
1160 4733 1447 4822 ἀποτιμησόμινος
1469 4736 1510 4800 τὰ
1532 4735 1567 4801 έν

206 4847 323 4928 Συρίᾳ,
346 4845 419 4909 item
433 4848 453 4909 l.
472 4847 511 4910 18
526 4847 582 4909 im:
612 4845 772 4931 Κυρηνιος
794 4843 842 4922 δέ,
865 4846 930 4908 τῶν
952 4843 999 4917 είς
1013 4841 1072 4926 τὴν
1086 4839 1210 4924 βουλὴν
1224 4843 1456 4924 συναγομένων
1470 4836 1565 4922 ἀνήρ,
