3812 5580
616 1667 669 1742 II.
716 1667 884 1743 INDEX
911 1667 1219 1746 VERBORVM.

483 1841 520 1920 1.
562 1844 621 1920 De
648 1843 906 1946 orthographia
933 1846 1179 1921 commentarii
1205 1847 1341 1922 Latini.

335 2039 439 2100 Sermo
454 2038 658 2101 commentarii
680 2041 854 2102 commodus
877 2049 907 2102 et
921 2041 1095 2121 perspicuus
1110 2059 1232 2124 prorsus
1253 2045 1409 2106 eonllrmat
1432 2053 1491 2106 tam
1514 2046 1592 2125 qnod

235 2149 385 2204 auctorem
419 2141 521 2204 scribit
545 2143 705 2206 Suetonius
737 2163 762 2204 c.
784 2143 825 2206 86
855 2150 990 2206 secutum
1021 2163 1085 2206 esse
1113 2163 1206 2224 genus
1235 2146 1391 2225 eloquendi
1418 2147 1533 2226 elegans
1562 2157 1593 2209 et

134 2253 139 2262 '
234 2252 429 2326 temperatum
462 2245 559 2308 vitatis
592 2245 804 2308 sententiarum
837 2246 955 2326 ineptiis
990 2255 1078 2328 atque
1111 2246 1307 2310 concinnitate
1341 2257 1371 2310 et
1405 2250 1591 2330 praeeipuam

233 2367 334 2410 curam
362 2348 481 2411 duxisse
509 2367 628 2410 sensum
663 2347 752 2410 animi
780 2368 869 2428 quam
896 2349 1080 2429 apertissime
1108 2349 1286 2431 exprimere,
1321 2371 1408 2432 qnam
1439 2353 1518 2433 quod
1552 2353 1593 2414 ait

234 2451 345 2513 Fronto
379 2451 427 2532 (ad
448 2451 558 2514 Verum
574 2470 619 2531 ep.
638 2452 669 2528 1)
698 2469 766 2512 eum
794 2451 960 2532 praeditum
987 2453 1079 2515 luisse
1111 2453 1228 2533 linguae
1261 2453 1442 2517 etiamtum
1477 2455 1591 2536 integro

236 2553 334 2635 lepore
356 2557 455 2636 potins
483 2573 573 2634 quam
602 2552 718 2616 dicendi
740 2553 884 2615 ubertate.
932 2553 997 2615 Non
1026 2555 1227 2634 pereruditom
1251 2555 1403 2619 bominem
1424 2558 1591 2638 Augustum

232 2657 323 2719 luisse
345 2657 423 2737 quod
446 2657 487 2719 ait
508 2655 673 2719 Hadrianus
695 2655 786 2737 (apud
807 2655 971 2718 Charisium
996 2657 1059 2738 ap.
1079 2657 1140 2719 209
1162 2657 1247 2734 Keil),
1270 2660 1477 2722 consuetudini
1500 2661 1592 2741 magis

234 2778 322 2840 qnam
344 2759 462 2823 lectioni
484 2779 552 2822 eum
574 2759 606 2820 in
629 2757 725 2820 verbis
747 2758 888 2838 eligendis
910 2759 1157 2841 obtemperavisse
1180 2760 1354 2840 significans,
1376 2762 1406 2823 id
1428 2762 1592 2824 illustratur

231 2861 266 2924 iis
294 2881 367 2942 quae
389 2882 418 2944 p.
435 2862 474 2925 85
503 2863 539 2925 de
567 2861 740 2944 prolligandi
767 2862 908 2924 vocabulo
936 2861 1164 2924 observavimus.
1208 2863 1293 2936 Quod
1322 2863 1402 2926 addit
1431 2864 1591 2928 Suetonius

230 2965 397 3045 Augustum
419 2983 514 3045 neque
536 2964 768 3046 praepositiones
791 2965 913 3027 urbibus
936 2965 1042 3027 addere
1065 2965 1244 3028 dubitavisse
1258 2986 1353 3047 neque
1368 2967 1590 3030 coniunctiones

229 3067 346 3148 saepius
367 3068 482 3142 iterare,
504 3068 602 3149 ipsum
625 3068 855 3130 commentarius
877 3086 936 3129 non
959 3069 1124 3142 confirmat,
1146 3068 1197 3132 sed
1213 3069 1346 3131 similiter
1361 3069 1500 3132 diciturv
1519 3089 1590 3133 aras

225 3181 394 3250 paventem
415 3189 473 3233 esse
495 3172 534 3232 od
555 3171 689 3251 oppidum
712 3169 825 3235 Nabata
846 3179 876 3234 et
898 3173 936 3234 cd
958 3173 1091 3252 opptdm
1112 3170 1240 3243 Merito,
1263 3173 1430 3251 pariterque
1451 3172 1591 3235 scribitur

228 3292 258 3334 ιι
271 3293 297 3336 er
317 3273 358 3334 bis
379 3292 441 3336 meo
463 3277 575 3335 nomme
597 3282 623 3334 et
644 3279 760 3337 tertium
781 3278 888 3356 nepotis
909 3278 968 3336 nni
986 3277 1099 3336 nominc
1121 3281 1151 3336 et
1165 3273 1309 3354 repetitur
1323 3275 1401 3337 cedis
1414 3275 1589 3337 vocabulum

229 3394 256 3435 rr
270 3395 289 3438 a
302 3395 329 3438 ar
350 3376 491 3458 patientia
513 3376 561 3438 rix
582 3376 712 3438 serenda.
748 3375 829 3438 Albis
852 3395 922 3451 ιιι,
945 3375 1095 3438 Danuvius
1118 3395 1175 3438 ιιι
1202 3376 1311 3457 (neque
1334 3386 1431 3439 tamen
1455 3378 1590 3440 marubi

227 3478 304 3541 redit
324 3479 411 3559 rm),
438 3479 544 3541 Tanais
567 3499 623 3542 vsa
649 3496 710 3540 non
731 3478 924 3540 nominantur
949 3479 1006 3542 nisi
1028 3478 1125 3541 addito
1147 3479 1279 3540 lluminis
1301 3480 1457 3556 vocabulo,
1484 3499 1590 3560 quarn-

228 3599 314 3661 quam
339 3601 398 3644 ιιι
422 3581 593 3662 simpliciter
614 3580 784 3643 enuntiatur
805 3580 936 3643 Rhenus.
980 3582 1013 3644 ln
1034 3580 1236 3643 numeralibus
1260 3581 1289 3642 id
1311 3582 1390 3661 quod
1412 3592 1458 3643 est
1480 3593 1589 3644 ειπειιιιι

227 3684 319 3746 millio
345 3684 386 3745 ibi
411 3686 547 3765 ponitur,
576 3683 626 3746 nbi
654 3684 801 3746 omittitur
827 3684 979 3746 communi
1009 3703 1082 3756 usn,
1109 3683 1138 3744 id
1167 3684 1246 3763 qnod
1270 3683 1321 3762 qui
1343 3684 1588 3746 commentarium

229 3795 409 3868 usurparunt
430 3795 530 3867 postea
552 3787 628 3848 male
650 3785 764 3866 decepit
786 3789 824 3862 (v.
840 3806 868 3866 p.
885 3786 949 3867 38).
988 3785 1161 3866 Splendidae
1183 3785 1305 3864 originis
1320 3786 1476 3848 bominum
1490 3787 1589 3867 potius

227 3908 314 3969 quarn
342 3891 461 3973 nomina
488 3897 669 3970 usurpantur
695 3889 883 3968 cognomina,
917 3889 1012 3970 qualia
1041 3894 1113 3950 sunt
1139 3887 1261 3950 Crassus
1289 3888 1431 3950 Lentulus
1460 3889 1589 3970 Lepidus

227 3992 379 4054 llarcellus
401 3991 478 4053 Nero
501 3991 570 4052 Piso
593 3991 710 4053 Silanus
732 3991 795 4060 alia,
819 4000 919 4054 contra
941 3991 1039 4053 estin
1062 3989 1232 4051 bominibus
1255 3991 1339 4052 novis
1360 3992 1405 4052 rel
1428 3991 1588 4052 nobilitatis

228 4095 327 4157 minus
350 4093 539 4174 conspicuae,
570 4093 655 4155 utin
678 4094 814 4157 Antistiis
836 4094 1005 4168 Veteribus,
1029 4092 1159 4156 Calvisiis
1183 4093 1314 4168 Sabinis,
1339 4093 1467 4154 Caniniis
1490 4093 1587 4167 Gallis,

226 4197 330 4259 Laeliis
346 4196 452 4270 Balbis,
475 4196 620 4258 Lucretiis
642 4196 752 4266 Cinnis,
780 4195 928 4257 Passionis
950 4195 1043 4267 Rufis,
1069 4194 1219 4268 Quintiliis
1241 4195 1332 4268 Varis,
1356 4195 1493 4275 Sulpiciis
1515 4195 1589 4269 Qui-

224 4299 319 4373 riniis,
342 4297 448 4378 Valgiis
462 4296 556 4360 lintis.
592 4296 754 4359 Consulum
776 4296 858 4377 paria
880 4298 1055 4378 plerumque
1077 4306 1230 4379 ponuntur
1251 4297 1361 4360 adiecta
1383 4298 1486 4379 copula
1506 4317 1588 4361 more

225 4399 401 4472 recentiore,
436 4399 523 4462 etiam
554 4399 605 4461 nbi
632 4399 798 4479 iunguntur
825 4399 883 4460 duo
911 4399 1070 4478 gentilicia;
1100 4399 1248 4461 omittitur
1274 4401 1378 4481 copula
1401 4401 1495 4463 uibus
1517 4400 1588 4462 locis

226 4521 247 4564 ιι
260 4519 294 4564 ae.
307 4519 340 4564 ss
361 4521 389 4563 ιι
404 4519 437 4562 cr.
473 4502 661 4568 iterationem
685 4502 715 4563 in
739 4500 940 4563 consulatibus
962 4500 1126 4563 indicandis
1147 4500 1238 4561 semel
1261 4501 1399 4563 omissam
1420 4501 1587 4564 invenimus

225 4623 256 4666 ιιι
271 4621 299 4666 aa
321 4604 351 4666 in
373 4605 418 4665 Ti.
433 4604 548 4666 Nerone
570 4604 615 4667 rel
636 4606 755 4685 antique
778 4604 902 4684 (v.C.l.
919 4603 1026 4664 l..1n.
1047 4603 1118 4665 539.
1135 4602 1207 4664 615.
1226 4602 1301 4682 721)
1324 4604 1369 4665 vel
1391 4605 1586 4685 neglegenter.

309 4707 400 4770 Notae
424 4707 613 4789 reperiuntur
636 4710 696 4769 lere
718 4707 824 4768 nullae.
854 4706 927 4768 Nam
950 4704 1010 4768 sola
1026 4705 1215 4786 praenomina
1232 4714 1403 4768 constanter
1418 4707 1588 4768 scribuntur

224 4827 277 4888 per
305 4809 390 4872 solita
417 4810 594 4891 conpendia,
625 4809 675 4872 ubi
703 4809 854 4872 sollemnis
882 4827 957 4870 usus
984 4809 1121 4870 voeabula
1150 4808 1312 4889 perscripta
1341 4809 1484 4889 repudiat
1529 4811 1587 4871 Sed
