3812 5580
821 443 869 511 Vl.
892 445 958 500 1—3
1502 445 1562 510 137

210 628 288 708 quod
319 625 423 688 scribit
450 627 537 688 huius
567 626 628 686 aevi
656 633 756 686 auctor
783 624 914 686 Isidorus
941 625 1125 686 Characenus
1153 626 1339 686 mansionum
1363 624 1565 687 Parthicarum

211 751 235 794 c.
253 733 268 791 1
294 730 343 811 (cl.
359 728 462 791 lddller
484 727 514 789 iu
530 727 619 808 prael.
637 729 692 788 rol.
710 730 725 788 1
750 747 846 808 geogr.
869 728 941 790 min.
957 749 986 809 p.
1002 727 1126 808 nnxtrlz
1149 727 1247 811 νῆσος
1266 726 1350 790 κατὰ
1364 727 1421 790 τὸν
1432 723 1566 811 Εὐφρά-

128 847 131 854 ’
209 855 269 918 την
371 831 519 895 ἐνταῦθα
544 827 629 909 γάζα
661 825 701 914 ἦν
728 828 882 914 Φραάτου
908 831 967 895 τοῦ
990 827 1246 915 ἀποσφάξαντας
1268 826 1326 905 τας
1348 829 1565 905 παλλακίδας,

210 933 264 998 ὅτε
283 931 467 1018 Τηριδάτης
490 932 596 1016 φυγὰς
620 930 664 996 uir
686 931 865 1016 εἰσέβαλεν.
903 936 986 1009 Quod
1010 936 1035 998 si
1050 955 1156 999 uxores
1171 936 1310 998 Phraates
1326 944 1389 997 tum
1406 935 1565 1008 interemit,

209 1059 246 1102 ue
261 1060 277 1102 a
293 1037 420 1100 Tiridate
436 1045 619 1119 caperentur,
643 1057 702 1099 non
718 1037 850 1100 absimile
867 1037 926 1100 veri
943 1047 988 1100 est
1002 1039 1057 1101 hac
1072 1039 1135 1120 ipsa
1150 1039 1318 1101 incursione
1333 1041 1413 1101 hunc
1428 1039 1487 1100 lilio
1502 1039 1565 1102 eius

210 1143 337 1224 potitum
353 1161 426 1216 esse,
449 1160 537 1221 quem
555 1150 629 1203 teste
645 1141 757 1203 lustino
772 1141 972 1221 neglegentius
988 1143 1168 1204 custoditum
1184 1143 1290 1224 rapuit.
1307 1179 1347 1186 —
1363 1143 1406 1203 td
1421 1143 1450 1203 id
1466 1144 1564 1223 ipsum

211 1251 336 1309 tortasse
362 1255 476 1326 spectat
502 1245 580 1326 quod
607 1246 664 1307 hoc
693 1245 757 1307 loco
789 1246 938 1326 Augustus
966 1246 1069 1308 scribit
1095 1247 1262 1327 confugisse
1289 1246 1323 1308 ad
1352 1266 1383 1308 se
1410 1247 1565 1308 Phraatem

210 1353 286 1430 regis
314 1349 447 1411 Phraatis
477 1348 579 1410 filium.
630 1349 701 1411 Eius
727 1349 858 1411 nominis
888 1368 965 1411 unus
995 1358 1109 1412 tantum
1136 1359 1225 1412 notus
1252 1360 1311 1423 est,
1338 1349 1448 1412 scilicet
1469 1349 1494 1411 is
1515 1349 1566 1429 qui

211 1474 277 1516 cum
301 1451 442 1514 iratribus
465 1453 559 1514 tribus
583 1452 668 1514 obses
690 1472 707 1514 a
728 1461 810 1534 patre
834 1451 943 1514 missus
965 1453 1148 1515 estRomam
1172 1473 1197 1515 c.
1213 1473 1238 1516 a.
1255 1455 1316 1516 745
1340 1455 1380 1534 (v.
1395 1473 1423 1534 p.
1443 1455 1514 1529 140)
1537 1461 1567 1514 et

211 1568 278 1639 post
309 1575 402 1618 annos
429 1555 496 1636 plus
524 1556 714 1637 quadraginta
741 1575 767 1618 a.
783 1576 812 1636 p.
828 1557 859 1618 C.
875 1556 915 1619 35
943 1557 1058 1618 Parthis
1087 1576 1184 1636 regem
1212 1557 1379 1639 petentibus
1406 1577 1423 1619 a
1450 1556 1567 1618 Tiberio

211 1661 342 1723 redditus
366 1660 445 1740 (Tac.
468 1678 537 1722 ann.
554 1661 583 1734 6,
599 1661 656 1734 31;
683 1659 804 1733 biom,
822 1659 884 1738 16).
926 1661 964 1721 At
992 1661 1028 1721 de
1054 1661 1180 1722 adventu
1204 1660 1266 1722 eius
1288 1681 1313 1722 a.
1331 1661 1391 1722 745
1420 1661 1476 1722 boc
1503 1661 1566 1722 loco

210 1765 330 1845 cogitari
352 1765 469 1844 nequit;
496 1765 693 1845 nequeenim
716 1763 847 1843 conlugit
870 1772 933 1825 tum
956 1763 992 1824 ad
1013 1765 1179 1844 Augustum
1202 1783 1257 1827 nec
1278 1767 1423 1827 rationem
1446 1764 1568 1826 baberet

211 1888 246 1930 ex
267 1876 408 1948 quattuor
429 1867 569 1930 iratribus
593 1887 684 1930 uuum
709 1886 763 1930 nec
784 1876 856 1929 natu
880 1867 1040 1929 maximum
1061 1868 1140 1944 (Tac.
1155 1887 1223 1929 auu.
1241 1867 1269 1942 2,
1294 1867 1326 1948 2)
1349 1871 1387 1931 ita
1412 1868 1566 1941 nominari,

212 1989 279 2032 cum
303 1971 475 2051 praesertim
499 1971 595 2052 paullo
616 1981 685 2052 post
706 1971 773 2032 data
795 1989 881 2051 opera
904 1971 939 2033 de
955 1971 1105 2032 obsidibus
1122 1971 1206 2052 regiis
1220 1981 1331 2052 agatur.
1362 1972 1452 2033 Pilius
1467 1981 1565 2034 autem

212 2074 345 2136 Phraatis
367 2083 438 2136 natu
463 2074 603 2136 minimus
625 2094 713 2155 quem
737 2095 753 2136 a
774 2074 903 2136 Tiridate
917 2075 1058 2137 Romanis
1082 2075 1222 2137 traditum
1245 2095 1310 2138 esse
1326 2077 1413 2138 modo
1428 2075 1566 2149 diximus,

211 2197 278 2240 cum
307 2197 365 2257 quo
388 2177 508 2240 nomine
530 2178 619 2240 luerit
640 2179 804 2259 ignoretur,
831 2177 905 2239 nihil
926 2177 1059 2260 impedit,
1082 2179 1242 2258 quominus
1271 2179 1349 2241 idem
1378 2179 1480 2252 luerit,
1510 2179 1567 2240 ita-

211 2301 267 2362 que
300 2282 336 2343 ad
370 2281 432 2342 eius
460 2281 617 2343 adveutum
649 2283 777 2364 priorem
806 2283 886 2344 hunc
911 2277 1008 2344 locum
1038 2283 1211 2344 rettulerim.
1260 2285 1302 2345 lta
1331 2283 1467 2345 convenit
1489 2284 1567 2362 quod

212 2385 314 2447 scribit
334 2385 485 2464 Augustus
500 2385 653 2447 Phraatem
677 2386 769 2446 lilium
795 2385 908 2446 venisse
931 2387 968 2447 ad
991 2405 1022 2446 se
1044 2395 1112 2466 post
1126 2385 1296 2447 Tiridatem.
1335 2387 1410 2448 Sane
1432 2385 1486 2447 alia
1506 2405 1565 2447 non

211 2487 407 2550 conveniunt:
437 2507 505 2549 nam
534 2489 695 2550 secundum
728 2497 882 2550 auctorum
914 2489 1111 2551 narrationem
1135 2510 1209 2570 puer
1235 2490 1283 2550 bic
1304 2490 1380 2569 regis
1403 2490 1479 2550 lilius
1502 2489 1566 2564 luit

211 2611 271 2654 non
300 2611 351 2652 rex
373 2592 564 2666 Parthorum,
592 2612 645 2653 nec
675 2592 808 2672 confugit
835 2593 871 2654 ad
892 2594 1072 2672 Augustum.
1104 2593 1155 2654 sed
1183 2593 1211 2654 vi
1238 2602 1339 2674 raptus
1366 2594 1400 2654 ad
1424 2613 1491 2655 eum
1515 2593 1568 2654 ad-

212 2698 318 2758 ductus
340 2703 395 2768 est,
418 2703 453 2756 ut
475 2695 589 2757 mittam
612 2715 681 2757 eum
704 2695 743 2757 ita
767 2695 887 2757 rediisse
908 2695 940 2756 in
962 2697 1085 2776 patriam
1109 2699 1168 2757 lere
1191 2697 1464 2776 septuagenarium,
1487 2699 1567 2777 quod

213 2819 279 2862 rere
302 2800 502 2861 difficultatem
526 2817 587 2861 noo
609 2799 707 2860 habet.
743 2801 782 2860 m
795 2799 939 2862 Tiridates
962 2808 1077 2881 raptum
1097 2798 1136 2860 ita
1153 2808 1249 2878 tegere
1264 2799 1369 2880 potuit,
1392 2809 1426 2861 ut
1441 2795 1565 2880 puemm

213 2903 380 2984 perbiberet
401 2911 505 2982 sponte
528 2903 644 2964 Caesari
666 2923 698 2964 se
722 2903 849 2977 tradere3
874 2903 970 2984 potuit
992 2905 1129 2976 sortasse,
1155 2922 1225 2964 cum
1248 2903 1420 2983 praesertim
1443 2902 1568 2982 ipsiius

212 3007 241 3068 in
264 3025 387 3087 regnum
411 3005 620 3068 hereditarium
644 3006 759 3068 nullum
782 3015 861 3068 esset
876 3005 1047 3084 (Tiridatem
1070 3007 1227 3087 quendam,
1250 3005 1325 3068 τινὰ
1347 3016 1482 3067 auctores
1498 3025 1566 3067 eum

212 3112 308 3172 dicere
334 3109 488 3188 vidimus),
517 3128 584 3171 cum
607 3129 700 3190 puero
723 3129 757 3171 eo
780 3128 903 3189 reguum
928 3109 1071 3190 spondere
1094 3130 1158 3172 sese
1181 3109 1470 3173 communicaturum
1493 3129 1566 3171 esse.

213 3215 292 3287 Quae
321 3213 346 3275 si
374 3213 414 3274 ila
442 3213 478 3274 ad
501 3213 664 3292 Augustum
693 3212 853 3286 referebat,
887 3223 1048 3293 potuerunt
1077 3216 1122 3275 rel
1150 3216 1223 3276 adeo
1250 3213 1417 3275 debuerunt
1439 3214 1510 3275 haec
1531 3211 1568 3273 ab

212 3319 344 3397 lluguslo
371 3317 409 3378 ita
437 3315 550 3377 narrari
578 3325 611 3377 ut
639 3320 747 3378 laetum
775 3325 829 3378 est.
857 3352 898 3362 —-
925 3318 1074 3379 Diversam
1102 3318 1178 3380 viam
1207 3321 1356 3398 ingressus
1383 3317 1568 3379 Bormannus

212 3420 336 3482 coniecit
348 3420 503 3480 Phraatem
527 3420 606 3480 huuc
627 3439 696 3480 eum
718 3439 792 3493 esse,
815 3440 902 3499 quem
919 3421 1060 3500 Iosephus
1084 3423 1155 3494 (ant.
1175 3421 1222 3493 18,
1246 3421 1275 3494 2,
1298 3421 1332 3500 4)
1350 3430 1379 3482 et
1393 3421 1446 3484 llio
1466 3422 1568 3502 (supra

213 3545 240 3604 p.
259 3523 317 3586 113
341 3532 401 3584 not.
418 3523 449 3597 3)
464 3523 652 3584 Phraatacem
676 3524 830 3603 appellant,
853 3524 929 3604 regis
944 3524 1078 3586 Phraatis
1099 3526 1192 3587 filium
1216 3527 1339 3588 nothum
1363 3535 1393 3587 et
1414 3543 1568 3587 successo-

213 3646 291 3700 rem;
315 3645 382 3689 uam
405 3627 463 3688 duo
486 3626 604 3687 uomina
627 3626 758 3688 eiusdem
782 3631 841 3688 lere
865 3627 1085 3707 significationis
1107 3629 1283 3690 commutari
1303 3629 1432 3710 potuisse
1448 3639 1478 3691 et
1492 3648 1567 3709 quae

213 3732 247 3792 de
277 3730 356 3792 exitu
379 3729 545 3791 Phraatacis
567 3730 708 3811 Iosephus
731 3741 830 3793 narrat
852 3728 979 3803 (στάσει
1003 3730 1218 3814 περιελαθεὶς
1241 3729 1401 3815 πρότερον
1422 3729 1441 3815 ἢ
1464 3734 1566 3814 φῦναι

212 3829 312 3915 μέγας
335 3831 494 3904 ἐξέπιπτε
515 3833 580 3896 τῶν
602 3829 805 3916 πραγμάτων
827 3833 882 3895 κα)
907 3829 991 3896 οὕτω
1014 3832 1167 3916 θνήσκει)
1183 3855 1251 3898 cum
1268 3839 1335 3915 luga
1350 3836 1386 3896 ad
1400 3837 1566 3915 Augustum

213 3957 299 4017 posse
321 3937 479 3999 conciliari.
516 3937 587 3998 llihi
608 3938 680 3998 haec
701 3937 867 3999 coniectura
890 3937 977 4000 etiam
1001 3939 1138 4000 audacior
1161 3939 1275 4001 videtur
1289 3959 1377 4018 quam
1394 3959 1482 4020 supra
1498 3959 1568 4021 pro-

213 4040 306 4122 posita
334 4039 488 4103 temeraria
517 4061 587 4102 sane
614 4050 644 4102 et
670 4041 740 4122 ipsa.
793 4041 866 4104 Nam
890 4041 1009 4102 nomina
1032 4041 1150 4122 propria
1171 4061 1351 4122 quamquam
1375 4043 1451 4104 idem
1474 4042 1568 4122 sigui-

214 4147 317 4218 bcent‚
350 4145 426 4225 apud
455 4145 580 4207 Parthos
617 4164 679 4206 uon
713 4145 804 4225 magis
831 4164 920 4225 quam
947 4146 1023 4226 opud
1050 4144 1198 4207 Romanos
1227 4147 1388 4226 permutari
1413 4146 1568 4216 Eduardus

215 4250 326 4311 Saebau
347 4249 455 4328 collega
470 4249 506 4309 de
522 4268 554 4310 ea
569 4268 600 4310 re
616 4249 813 4328 interrogatus
828 4247 988 4329 respoudit.
1025 4247 1134 4310 Deinde
1150 4269 1202 4310 rex
1217 4249 1393 4312 Parthorum
1409 4248 1567 4329 legitimus,

213 4353 305 4432 qualis
322 4351 385 4412 siue
400 4351 489 4413 dubio
504 4353 677 4414 Phraataces
700 4353 764 4426 luit,
787 4352 988 4414 Romanorum
1011 4371 1064 4433 per
1086 4354 1252 4434 complures
1274 4373 1367 4415 annos
1386 4353 1568 4415 adversarius

214 4455 239 4516 si
254 4456 393 4517 Romanis
416 4475 447 4516 se
470 4455 642 4530 dedidisset,
664 4456 693 4517 id
717 4458 823 4537 opinor
845 4475 903 4518 nou
925 4455 1138 4536 ignoraremus.
1162 4491 1203 4501 -
1223 4458 1268 4519 Ad
1291 4467 1408 4538 tempus
1429 4457 1508 4540 quod
1523 4466 1569 4518 at-

215 4559 300 4632 tinet,
323 4559 463 4620 dilleruot
485 4560 607 4622 omuino
629 4559 682 4620 llio
709 4568 738 4621 et
761 4558 905 4632 lustinus,
933 4559 985 4620 sed
1013 4567 1046 4621 ut
1072 4560 1153 4621 lacile
1180 4560 1382 4624 concilientur.
1417 4557 1506 4621 'Nam
1535 4568 1568 4621 ut

213 4665 298 4742 fugae
320 4661 457 4723 Tiridatis
479 4681 589 4725 anuum
612 4663 666 4725 llio
687 4672 766 4724 recte
788 4662 916 4737 tradidit,
939 4662 978 4724 ita
1000 4663 1036 4724 de
1058 4662 1121 4726 eius
1144 4665 1322 4746 proiectione
1344 4665 1380 4725 ad
1401 4664 1568 4742 Augustum

214 4783 282 4826 cum
304 4764 364 4826 lilio
386 4765 520 4828 Phraatis
542 4767 690 4829 lustinum
719 4766 817 4848 potius
849 4785 1023 4847 sequemur,
1055 4769 1217 4831 secuudum
1248 4787 1336 4848 quem
1359 4765 1502 4828 Tiridates
1532 4765 1568 4826 ad

215 4869 366 4932 Caesarem
389 4870 470 4932 veuit
490 4875 521 4932 lu
536 4869 675 4952 lla'opouic
697 4872 803 4934 bellum
825 4883 885 4936 tum
905 4875 1042 4953 temporie
1060 4882 1212 4954 puerum,
1234 4871 1264 4933 id
1287 4879 1333 4933 est
1353 4888 1429 4931 anno
1446 4867 1508 4930 728
1524 4869 1569 4931 vol
