3798 5584
341 435 406 498 116
933 428 966 498 V,
986 431 1089 488 24-31

338 611 418 691 regio
450 629 555 691 genere
581 609 788 673 Armeniorum
820 609 979 674 oriundum
1006 628 1070 672 esse
1098 609 1249 690 Augustus
1275 608 1393 684 scribat,
1419 609 1584 672 accuratius
1611 611 1691 672 unde

339 713 453 776 venerit
480 733 515 776 ex
543 713 580 776 iis
605 713 792 793 intellegitur,
822 733 896 794 quae
924 715 960 776 de
990 714 1076 776 caede
1103 713 1167 776 eius
1189 732 1214 775 ε.
1230 733 1259 794 p.
1276 713 1343 775 Chr.
1359 713 1400 776 36
1428 722 1540 794 patrata
1569 721 1692 775 narrant

339 816 458 880 Tacitus
481 820 560 892 (ann.
577 816 606 889 6,
623 817 672 877 40.
691 816 739 890 14,
755 815 810 896 26)
832 825 862 878 οι
883 817 1025 898 losepbus
1048 820 1120 894 (ant.
1138 815 1187 890 18,
1203 819 1231 890 5,
1248 817 1267 878 4
1290 817 1354 878 coll.
1373 816 1421 890 17,
1440 819 1467 891 1,
1485 816 1548 878 ιι
1571 827 1601 880 et
1621 817 1690 880 bell.

338 920 401 982 lud.
420 922 447 994 1,
463 919 513 994 28,
532 921 572 996 1).
608 919 724 982 Scilicet
739 919 909 996 Alexander,
931 921 1008 1001 regis
1023 921 1198 983 Iudaeorum
1214 918 1336 982 llercdis
1352 918 1448 1000 blagni
1470 927 1499 982 et
1514 919 1691 983 Mariamme

338 1023 426 1098 lilius,
450 1042 485 1085 ex
507 1023 651 1104 Glaphyra
673 1021 731 1083 filia
752 1023 885 1085 Archelai
906 1024 984 1105 regis
1006 1023 1203 1105 Cappadociae
1230 1022 1339 1086 ultimi·
1355 1023 1430 1086 lilios
1460 1025 1533 1086 duos
1561 1025 1693 1106 suscepit

338 1127 536 1190 Alexandrum
565 1135 596 1188 et
622 1125 781 1206 Tigranen,
809 1146 937 1208 quorum
962 1128 1036 1190 alter
1068 1127 1208 1207 Tigranes
1236 1127 1386 1190 Armenion
1419 1127 1562 1210 qnondam
1584 1132 1693 1208 pordes

338 1230 391 1310 (ita
425 1230 544 1292 Tacitus
576 1229 741 1292 accuratius
774 1249 862 1311 quam
899 1231 1040 1313 losepbus
1073 1225 1258 1311 βασιλεύων
1286 1223 1469 1312 Ἀρμενίας)
1499 1249 1525 1292 ε.
1547 1251 1574 1311 p.
1596 1231 1627 1293 C.
1650 1229 1692 1292 36

338 1333 447 1396 Tiberii
469 1333 552 1396 iussu
581 1334 617 1396 ad
645 1333 820 1415 supplicium
849 1334 956 1397 ductus
984 1342 1111 1396 estnec
1137 1330 1243 1394 liberos
1277 1332 1404 1413 reliquit,
1438 1333 1558 1396 alterius
1591 1343 1692 1396 autem

338 1436 390 1498 lilii
412 1436 567 1498 Alexandri
589 1436 667 1500 lilius
689 1436 829 1518 Tigranes
851 1447 953 1520 postea
975 1455 991 1499 a
1012 1435 1128 1498 Nerone
1150 1455 1175 1497 a.
1192 1456 1221 1517 p.
1237 1435 1268 1499 C.
1285 1438 1325 1500 60
1348 1457 1400 1500 rex
1421 1437 1575 1500 Armeniae
1597 1439 1693 1500 lactus

339 1549 391 1602 est
437 1539 519 1602 lianc
539 1540 694 1602 Alexandri
722 1541 843 1623 stirpem
872 1541 1059 1604 coniunctam
1088 1539 1180 1602 luisse
1203 1559 1269 1602 cum
1292 1542 1371 1621 regia
1392 1540 1531 1603 Armenia
1552 1559 1621 1602 cum
1641 1540 1694 1602 Ti-

339 1643 435 1724 granis
462 1661 570 1706 nomen
598 1644 697 1725 prodit
725 1653 783 1707 ιεει
813 1643 872 1707 filio
899 1663 988 1725 quam
1016 1643 1116 1725 nepoti
1138 1643 1292 1706 Alexandri
1314 1643 1497 1725 impositum,
1527 1653 1591 1706 tum
1613 1645 1695 1724 quod

339 1747 503 1809 Neroniana
524 1756 617 1808 aetate
638 1766 674 1809 ex
696 1747 751 1809 hac
774 1747 864 1830 stirpe
880 1757 979 1810 ortum
995 1747 1159 1830 principem
1175 1746 1300 1809 Romani
1314 1747 1460 1810 Arsacidis
1476 1757 1695 1829 opposuerunt3

340 1849 463 1929 denique
486 1849 627 1931 Iosephus
648 1850 677 1912 b.
694 1850 756 1913 lud.
773 1849 802 1925 2,
822 1854 870 1928 ll,
886 1852 919 1913 6:
943 1845 1193 1934 ἡἍλεξάνδροο
1215 1849 1323 1928 γενεὰ,
1346 1850 1451 1931 inquit,
1473 1853 1529 1934 τῆς
1551 1848 1696 1935 μεγάλης

338 1948 508 2036 Ἀρμενίας
535 1949 736 2035 ἐβασίλευσε.
790 1952 867 2016 Ροιο
896 1953 1028 2016 Archelai
1060 1955 1137 2033 regis
1165 1953 1360 2035 Cappadociae
1394 1972 1529 2028 uxorem,
1559 1954 1695 2036 Tigranis

340 2057 433 2120 aviam
457 2065 618 2119 maternam
641 2056 726 2118 nobis
748 2055 877 2137 ignotam
901 2076 936 2119 ex
959 2057 1047 2119 domo
1061 2056 1200 2120 Armema
1222 2057 1298 2137 regia
1322 2057 1464 2138 originem
1488 2059 1614 2122 duxisse.
1659 2057 1695 2120 ln

340 2161 495 2241 Tigranem
517 2161 622 2222 indicis
644 2169 703 2222 tam
726 2169 805 2222 recte
828 2162 1008 2223 conveniunt
1029 2159 1128 2223 omnia
1149 2179 1223 2241 quae
1245 2182 1261 2224 a
1284 2161 1384 2224 Tacito
1411 2162 1593 2243 loscpboque
1621 2181 1696 2224 nar-

340 2273 444 2326 rantur
471 2264 506 2325 de
533 2262 656 2342 Tigrane
682 2283 699 2325 ε
727 2262 844 2326 Tiberio
877 2263 1030 2327 interiecto
1057 2263 1195 2325 mmenia
1228 2265 1376 2344 quondam
1408 2267 1503 2345 potito
1534 2275 1564 2327 et
1598 2264 1696 2345 aliqua

340 2366 452 2429 ratione
484 2366 520 2428 ad
554 2365 674 2447 stirpem
697 2366 865 2429 Armeniam
887 2365 997 2446 regiam
1020 2366 1198 2449 pertinente,
1227 2374 1261 2429 ut
1286 2368 1450 2430 necessario
1477 2368 1555 2431 idem
1581 2368 1697 2430 haben-

340 2472 397 2534 dus
430 2470 478 2532 sit.
529 2469 714 2532 Contrarium
744 2471 861 2551 quidem
889 2469 1018 2534 defendit
1044 2469 1237 2551 Nipperdeius
1266 2471 1303 2532 ad
1323 2471 1391 2534 Tac.
1407 2471 1436 2546 6,
1452 2473 1493 2533 40
1515 2471 1696 2547 Armeniam,

341 2593 398 2656 qua
426 2574 565 2655 Tigranes
591 2593 608 2635 a
630 2573 747 2636 Tiberio
773 2575 945 2637 interiectus
972 2573 1122 2656 quondam
1154 2573 1266 2656 potitus
1300 2573 1347 2648 sit,
1382 2583 1515 2637 statuens
1549 2576 1697 2638 minorem

341 2697 406 2741 esse
427 2678 464 2740 ab
486 2697 539 2740 avo
565 2677 628 2740 eius
650 2678 790 2740 Archelao
813 2677 1008 2759 Cappadociae
1034 2696 1102 2758 rege
1129 2677 1277 2757 quondam
1307 2695 1485 2758 possessam.
1528 2678 1567 2740 At
1587 2688 1617 2741 et
1637 2679 1697 2741 Ar-

342 2783 448 2857 menia,
471 2781 522 2844 ubi
544 2781 715 2864 simpliciter
736 2783 777 2844 ita
799 2782 970 2863 appellatur,
993 2780 1113 2844 omnino
1136 2780 1230 2842 maior
1251 2790 1309 2856 est,
1333 2791 1363 2844 et
1382 2789 1515 2864 posteros
1529 2784 1697 2858 Alexandri,

343 2887 373 2950 id
402 2897 447 2950 est
477 2886 622 2966 Tigranen
655 2894 825 2967 utrumque,
859 2886 1024 2966 regnavisse
1057 2886 1087 2948 in
1122 2885 1232 2949 maiore
1259 2885 1397 2948 Armenia
1430 2886 1537 2950 diserte
1572 2896 1698 2950 testatum

343 2992 484 3072 losephus
501 2991 531 3066 (l.
547 2995 603 3068 c.);
626 2990 752 3070 denique
767 3008 826 3052 non
841 2991 995 3070 adsequor,
1018 2991 1166 3070 quomodo
1180 2997 1343 3073 propterea,
1359 2989 1438 3071 quod
1452 3009 1524 3054 avus
1538 2991 1699 3055 Archelaus

343 3095 511 3159 Armeniam
535 3094 680 3156 minorem
703 3093 858 3174 aliquando
880 3095 991 3169 babuit,
1013 3113 1106 3176 nepos
1128 3095 1184 3158 dici
1205 3093 1299 3176 possit
1320 3113 1354 3156 ea
1375 3094 1487 3176 potitus
1509 3113 1584 3157 esse.

441 3196 596 3260 Armemae
623 3214 747 3278 regnum
772 3196 911 3277 Tigranes
940 3217 1000 3261 non
1026 3199 1076 3261 diu
1110 3198 1238 3261 tenuerit
1266 3217 1387 3262 necesse
1419 3207 1474 3270 est,
1509 3217 1576 3260 cum
1610 3216 1699 3279 prae·

343 3302 444 3366 sertim
475 3321 492 3363 a
518 3301 618 3364 Tacito
651 3309 864 3381 praetereatur,
898 3303 1002 3384 pulsus
1036 3302 1170 3366 videlicet
1195 3322 1212 3364 a
1238 3301 1367 3366 factione
1393 3301 1537 3366 Parthica.
1587 3301 1700 3365 Scribit

343 3409 370 3471 is
391 3413 567 3486 temptatum
590 3403 694 3466 deinde
717 3423 781 3467 esse
803 3404 961 3486 imperium
977 3407 1103 3468 feminac
1118 3407 1166 3469 cui
1181 3425 1290 3469 nomen
1306 3405 1404 3480 Erato,
1427 3405 1558 3468 ciusdem
1574 3406 1698 3469 omnino

344 3529 419 3592 quae
440 3517 525 3572 antea
545 3514 682 3588 regnarat
703 3526 771 3569 cum
794 3510 883 3570 fratre
905 3516 935 3570 et
957 3508 1061 3571 marito
1084 3508 1207 3589 Tigrane
1229 3509 1277 3583 111,
1307 3510 1358 3571 sed
1380 3510 1456 3572 barre
1477 3528 1595 3590 quoque
1617 3509 1699 3572 brevi
1744 3519 1748 3528 '

343 3609 1035 3696 pubamesse.-1neerndoindesolnsnne
1055 3612 1195 3687 Armenii,
1229 3613 1346 3675 Tacitus
1375 3612 1424 3688 ait,
1458 3624 1485 3676 et
1515 3618 1605 3694 mogus
1635 3618 1699 3678 anre

343 3719 459 3780 domim
481 3733 566 3796 prom
586 3719 618 3776 in
639 3714 766 3778 ιιιοοιοιο
785 3717 943 3796 profugum
962 3717 1097 3779 Vononen
1117 3721 1148 3779 in
1168 3735 1290 3798 regnem
1305 3721 1455 3798 recipient,
1476 3717 1588 3780 scilieet
1602 3717 1698 3782 lilium

345 3820 422 3900 regis
450 3818 625 3881 Parthorum
655 3815 788 3880 Phraatis
819 3818 976 3900 ipsumque
1008 3839 1061 3900 per
1096 3820 1207 3901 aliquot
1239 3839 1332 3884 annos
1364 3838 1462 3900 regem
1493 3839 1613 3896 eorum,
1646 3822 1700 3884 sed

344 3924 441 4006 paullo
467 3929 536 3984 ante
557 3919 594 3983 ab
608 3921 754 3985 Artabano
777 3923 942 4004 expulsum.
979 3924 1121 4007 losephus
1138 3924 1187 3998 18,
1203 3923 1268 4000 24
1290 3931 1447 4006 postquam
1468 3923 1503 3986 de
1518 3925 1639 3988 Vonone
1661 3945 1700 3988 ex

344 4044 434 4108 regno
449 4033 571 4108 paterno
586 4024 680 4088 eiecto
694 4025 816 4102 rettulit,
839 4027 879 4090 ita
893 4027 1002 4109 pergit:
1026 4023 1181 4112 Βονώνης
1202 4026 1240 4090 dl
1255 4022 1488 4109 εἶςἈρμενίαν
1502 4025 1699 4092 διαπίπτει·
1833 4022 1836 4028 ’

345 4128 402 4192 καὶ
425 4128 498 4192 κατ’
528 4121 632 4212 οἷρχὰς
659 4126 720 4211 μὲν
746 4126 858 4214 ἐφίετο
886 4131 942 4214 τῆς
969 4127 1075 4212 χώρας
1102 4131 1158 4192 καὶ
1188 4130 1272 4215 πρὸς
1297 4127 1477 4212 Ῥωμαίους
1505 4129 1700 4216 ἐπρέσβευε,

346 4232 450 4295 deinde
489 4232 638 4295 Tiberium
682 4242 802 4315 propter
843 4233 936 4316 ipsius
972 4234 1117 4314 ignaviam
1160 4243 1190 4298 et
1230 4233 1325 4297 minas
1361 4233 1500 4297 Artabani
1540 4235 1567 4297 ei
1607 4255 1700 4318 regno

345 4336 499 4398 Armeniae
521 4336 705 4400 interdixisse
728 4334 828 4423 (αὐτῷ
854 4334 1005 4417 ἄπειπε).
1049 4337 1127 4400 llaec
1153 4339 1270 4420 quando
1297 4336 1465 4414 acciderint,
1492 4338 1551 4400 iam
1574 4348 1701 4414 constat,

346 4447 501 4521 postquam
529 4443 644 4504 nummi
666 4441 795 4504 Parthici
823 4461 918 4524 nuper
938 4441 1044 4526 prolati
1066 4443 1230 4505 docuerunt
1251 4442 1403 4505 Vononem
1428 4442 1464 4505 ab
1485 4443 1633 4505 Artabano
1662 4463 1701 4506 ex

346 4542 464 4606 Parthia
486 4544 604 4624 pulsum
626 4564 690 4608 csse
712 4565 738 4608 ε.
756 4543 891 4624 763141).
928 4547 1029 4627 ltaque
1044 4566 1079 4609 eo
1093 4549 1154 4609 lere
1169 4555 1302 4627 tempore
1317 4552 1398 4623 (nam
1414 4548 1559 4610 amissum
1573 4565 1701 4628 regnum

448 4701 471 4764 ¹)
489 4699 553 4753 Vide
576 4698 642 4752 inira
661 4717 683 4769 p.
698 4702 754 4754 143.
790 4702 884 4755 lindam
906 4711 1020 4770 temporo
1044 4702 1087 4754 val
1105 4702 1190 4770 mullo
1207 4708 1267 4753 ιοιε
1285 4717 1348 4769 qnae
1366 4705 1452 4770 posuit
1469 4703 1578 4756 Ovidius
1595 4703 1622 4754 in
1641 4719 1702 4755 oar-

347 4787 414 4840 mina
432 4787 503 4840 trist.
521 4787 546 4854 2,
559 4787 622 4838 227:
645 4804 710 4840 nnnc
730 4791 794 4858 petil
818 4791 960 4841 Annonem
981 4803 1071 4856 ροοοηι
1088 4787 1221 4855 premenda
1244 4804 1293 4839 non
1315 4797 1383 4854 sunt,
1409 4805 1465 4841 enm
1489 4804 1518 4841 ao
1542 4790 1600 4840 loco
1623 4797 1704 4855 pecta

347 4875 476 4943 complura
493 4875 631 4938 coniungat
647 4875 680 4926 ad
696 4875 814 4928 diversos
832 4891 911 4928 anans
929 4875 1083 4942 populosque
1100 4875 1249 4942 spectantia.
