<?xml version="1.0" encoding="UTF-8"?>
<!DOCTYPE html PUBLIC "-//W3C//DTD XHTML 1.0 Transitional//EN"
    "http://www.w3.org/TR/xhtml1/DTD/xhtml1-transitional.dtd">
<html xmlns="http://www.w3.org/1999/xhtml" xml:lang="en" lang="en">
 <head>
  <title>
</title>
<meta http-equiv="Content-Type" content="text/html;charset=utf-8" />
  <meta name='ocr-system' content='tesseract 3.04.00' />
  <meta name='ocr-capabilities' content='ocr_page ocr_carea ocr_par ocr_line ocrx_word'/>
</head>
<body>
  <div class='ocr_page' id='page_1' title='image "./resgestaediviau03augugoog_0101.png"; bbox 0 0 3798 5584; ppageno 0'>
   <div class='ocr_carea' id='block_1_1' title="bbox 343 408 1091 474">
    <p class='ocr_par' dir='ltr' id='par_1_1' title="bbox 343 408 1091 474">
     <span class='ocr_line' id='line_1_1' title="bbox 343 408 1091 474; baseline -0.017 0"><span class='ocrx_word' id='word_1_1' title='bbox 343 411 385 474; x_wconf 83' lang='lat'>54</span> <span class='ocrx_word' id='word_1_2' title='bbox 949 408 1003 474; x_wconf 91' lang='lat' dir='ltr'>III,</span> <span class='ocrx_word' id='word_1_3' title='bbox 1023 408 1091 462; x_wconf 87' lang='lat'>1-6</span> 
     </span>
    </p>
   </div>
   <div class='ocr_carea' id='block_1_2' title="bbox 342 585 1704 2529">
    <p class='ocr_par' dir='ltr' id='par_1_2' title="bbox 342 585 1704 2529">
     <span class='ocr_line' id='line_1_2' title="bbox 442 585 1694 676; baseline -0.002 -26"><span class='ocrx_word' id='word_1_4' title='bbox 442 587 576 650; x_wconf 85' lang='lat' dir='ltr'>Consiliis</span> <span class='ocrx_word' id='word_1_5' title='bbox 599 586 723 667; x_wconf 84' lang='lat' dir='ltr'>publicis</span> <span class='ocrx_word' id='word_1_6' title='bbox 751 595 783 648; x_wconf 92' lang='lat' dir='ltr'>ut</span> <span class='ocrx_word' id='word_1_7' title='bbox 806 585 947 649; x_wconf 79' lang='lat' dir='ltr'>interesse</span> <span class='ocrx_word' id='word_1_8' title='bbox 970 587 1036 648; x_wconf 81' lang='lat' dir='ltr'>ultis</span> <span class='ocrx_word' id='word_1_9' title='bbox 1058 587 1167 660; x_wconf 86' lang='lat' dir='ltr'>liceret,</span> <span class='ocrx_word' id='word_1_10' title='bbox 1189 587 1339 668; x_wconf 73' lang='lat' dir='ltr'>Augustus</span> <span class='ocrx_word' id='word_1_11' title='bbox 1362 588 1403 649; x_wconf 92' lang='lat' dir='ltr'>ait</span> <span class='ocrx_word' id='word_1_12' title='bbox 1417 595 1558 676; x_wconf 53' lang='lat' dir='ltr'>xsenatum</span> <span class='ocrx_word' id='word_1_13' title='bbox 1581 587 1620 649; x_wconf 88' lang='lat' dir='ltr'>ita</span> <span class='ocrx_word' id='word_1_14' title='bbox 1642 587 1694 648; x_wconf 89' lang='lat' dir='ltr'>de·</span> 
     </span>
     <span class='ocr_line' id='line_1_3' title="bbox 342 690 1695 770; baseline -0.002 -15"><span class='ocrx_word' id='word_1_15' title='bbox 342 693 476 764; x_wconf 86' lang='lat' dir='ltr'>crevisse,</span> <span class='ocrx_word' id='word_1_16' title='bbox 500 701 533 752; x_wconf 89' lang='lat' dir='ltr'>ut</span> <span class='ocrx_word' id='word_1_17' title='bbox 555 711 589 752; x_wconf 89' lang='lat' dir='ltr'>en</span> <span class='ocrx_word' id='word_1_18' title='bbox 612 691 675 752; x_wconf 86' lang='lat' dir='ltr'>iure</span> <span class='ocrx_word' id='word_1_19' title='bbox 698 699 853 752; x_wconf 88' lang='lat' dir='ltr'>uterentur</span> <span class='ocrx_word' id='word_1_20' title='bbox 874 691 941 753; x_wconf 86' lang='lat' dir='ltr'>inde</span> <span class='ocrx_word' id='word_1_21' title='bbox 963 691 1000 752; x_wconf 88' lang='lat' dir='ltr'>ab</span> <span class='ocrx_word' id='word_1_22' title='bbox 1019 710 1054 752; x_wconf 92' lang='lat' dir='ltr'>eo</span> <span class='ocrx_word' id='word_1_23' title='bbox 1076 692 1133 764; x_wconf 89' lang='lat' dir='ltr'>die,</span> <span class='ocrx_word' id='word_1_24' title='bbox 1156 711 1215 770; x_wconf 90' lang='lat' dir='ltr'>quo</span> <span class='ocrx_word' id='word_1_25' title='bbox 1237 692 1267 753; x_wconf 95' lang='lat' dir='ltr'>in</span> <span class='ocrx_word' id='word_1_26' title='bbox 1282 696 1381 754; x_wconf 84' lang='lat' dir='ltr'>lorum</span> <span class='ocrx_word' id='word_1_27' title='bbox 1397 690 1512 752; x_wconf 83' lang='lat' dir='ltr'>deducti</span> <span class='ocrx_word' id='word_1_28' title='bbox 1528 691 1596 752; x_wconf 93' lang='lat' dir='ltr'>sint.</span> <span class='ocrx_word' id='word_1_29' title='bbox 1630 692 1695 764; x_wconf 84' lang='lat' dir='ltr'>Quo</span> 
     </span>
     <span class='ocr_line' id='line_1_4' title="bbox 342 793 1696 868; baseline -0.002 -10"><span class='ocrx_word' id='word_1_30' title='bbox 342 815 409 858; x_wconf 90' lang='lat' dir='ltr'>cum</span> <span class='ocrx_word' id='word_1_31' title='bbox 439 795 556 857; x_wconf 85' lang='lat' dir='ltr'>deducti</span> <span class='ocrx_word' id='word_1_32' title='bbox 582 813 647 854; x_wconf 87' lang='lat' dir='ltr'>esse</span> <span class='ocrx_word' id='word_1_33' title='bbox 674 793 826 856; x_wconf 85' lang='lat' dir='ltr'>videantur</span> <span class='ocrx_word' id='word_1_34' title='bbox 855 795 884 854; x_wconf 85' lang='lat' dir='ltr'>lr.</span> <span class='ocrx_word' id='word_1_35' title='bbox 906 793 966 856; x_wconf 91' lang='lat' dir='ltr'>lan.</span> <span class='ocrx_word' id='word_1_36' title='bbox 989 813 1015 856; x_wconf 92' lang='lat' dir='ltr'>a.</span> <span class='ocrx_word' id='word_1_37' title='bbox 1040 796 1101 856; x_wconf 80' lang='grc'>749</span> <span class='ocrx_word' id='word_1_38' title='bbox 1123 803 1154 857; x_wconf 93' lang='lat' dir='ltr'>et</span> <span class='ocrx_word' id='word_1_39' title='bbox 1176 795 1253 868; x_wconf 80' lang='lat'>752,</span> <span class='ocrx_word' id='word_1_40' title='bbox 1288 803 1407 857; x_wconf 89' lang='lat' dir='ltr'>senatus</span> <span class='ocrx_word' id='word_1_41' title='bbox 1436 794 1569 856; x_wconf 85' lang='lat' dir='ltr'>consulta</span> <span class='ocrx_word' id='word_1_42' title='bbox 1595 793 1642 856; x_wconf 91' lang='lat' dir='ltr'>illa</span> <span class='ocrx_word' id='word_1_43' title='bbox 1671 794 1696 856; x_wconf 94' lang='lat' dir='ltr'>si</span> 
     </span>
     <span class='ocr_line' id='line_1_5' title="bbox 342 896 1697 982; baseline -0.002 -21"><span class='ocrx_word' id='word_1_44' title='bbox 342 907 565 982; x_wconf 84' lang='lat' dir='ltr'>praecesserunt</span> <span class='ocrx_word' id='word_1_45' title='bbox 587 897 802 969; x_wconf 87' lang='lat' dir='ltr'>deductionem,</span> <span class='ocrx_word' id='word_1_46' title='bbox 825 901 900 959; x_wconf 89' lang='lat' dir='ltr'>lacta</span> <span class='ocrx_word' id='word_1_47' title='bbox 923 897 983 960; x_wconf 92' lang='lat' dir='ltr'>sint</span> <span class='ocrx_word' id='word_1_48' title='bbox 1004 917 1125 960; x_wconf 83' lang='lat' dir='ltr'>necesse</span> <span class='ocrx_word' id='word_1_49' title='bbox 1152 907 1197 960; x_wconf 90' lang='lat' dir='ltr'>est</span> <span class='ocrx_word' id='word_1_50' title='bbox 1218 917 1244 959; x_wconf 89' lang='lat' dir='ltr'>a.</span> <span class='ocrx_word' id='word_1_51' title='bbox 1262 897 1322 959; x_wconf 83' lang='lat'>748</span> <span class='ocrx_word' id='word_1_52' title='bbox 1342 905 1372 959; x_wconf 89' lang='lat' dir='ltr'>et</span> <span class='ocrx_word' id='word_1_53' title='bbox 1393 897 1463 958; x_wconf 83' lang='lat'><strong>751.</strong></span> <span class='ocrx_word' id='word_1_54' title='bbox 1509 896 1566 959; x_wconf 84' lang='lat' dir='ltr'>Sed</span> <span class='ocrx_word' id='word_1_55' title='bbox 1588 897 1697 979; x_wconf 92' lang='lat' dir='ltr'>opponi</span> 
     </span>
     <span class='ocr_line' id='line_1_6' title="bbox 343 999 1697 1084; baseline -0.001 -20"><span class='ocrx_word' id='word_1_56' title='bbox 343 1013 441 1084; x_wconf 86' lang='lat' dir='ltr'>potest</span> <span class='ocrx_word' id='word_1_57' title='bbox 467 1003 546 1081; x_wconf 90' lang='lat' dir='ltr'>quod</span> <span class='ocrx_word' id='word_1_58' title='bbox 568 1002 717 1080; x_wconf 77' lang='lat' dir='ltr'>Augustus</span> <span class='ocrx_word' id='word_1_59' title='bbox 743 1000 774 1060; x_wconf 92' lang='lat' dir='ltr'>in</span> <span class='ocrx_word' id='word_1_60' title='bbox 801 999 897 1062; x_wconf 88' lang='lat' dir='ltr'>indice</span> <span class='ocrx_word' id='word_1_61' title='bbox 927 1020 998 1063; x_wconf 86' lang='lat' dir='ltr'>usus</span> <span class='ocrx_word' id='word_1_62' title='bbox 1028 1011 1073 1064; x_wconf 89' lang='lat' dir='ltr'>est</span> <span class='ocrx_word' id='word_1_63' title='bbox 1100 1001 1255 1063; x_wconf 83' lang='lat' dir='ltr'>indicativo</span> <span class='ocrx_word' id='word_1_64' title='bbox 1283 1000 1331 1061; x_wconf 81' lang='lat' dir='ltr'>vin</span> <span class='ocrx_word' id='word_1_65' title='bbox 1360 1001 1495 1074; x_wconf 83' lang='lat' dir='ltr'>serendo,</span> <span class='ocrx_word' id='word_1_66' title='bbox 1525 1002 1551 1062; x_wconf 88' lang='lat' dir='ltr'>si</span> <span class='ocrx_word' id='word_1_67' title='bbox 1577 1011 1697 1063; x_wconf 87' lang='lat' dir='ltr'>senatus</span> 
     </span>
     <span class='ocr_line' id='line_1_7' title="bbox 342 1103 1697 1185; baseline -0.001 -17"><span class='ocrx_word' id='word_1_68' title='bbox 342 1106 474 1168; x_wconf 87' lang='lat' dir='ltr'>consulte</span> <span class='ocrx_word' id='word_1_69' title='bbox 496 1105 545 1166; x_wconf 91' lang='lat' dir='ltr'>illa</span> <span class='ocrx_word' id='word_1_70' title='bbox 574 1114 641 1166; x_wconf 89' lang='lat' dir='ltr'>ante</span> <span class='ocrx_word' id='word_1_71' title='bbox 670 1103 874 1165; x_wconf 82' lang='lat' dir='ltr'>deductionem</span> <span class='ocrx_word' id='word_1_72' title='bbox 903 1105 977 1167; x_wconf 85' lang='lat' dir='ltr'>lacta</span> <span class='ocrx_word' id='word_1_73' title='bbox 1008 1113 1087 1178; x_wconf 87' lang='lat' dir='ltr'>sunt,</span> <span class='ocrx_word' id='word_1_74' title='bbox 1110 1105 1160 1166; x_wconf 87' lang='lat' dir='ltr'>sed</span> <span class='ocrx_word' id='word_1_75' title='bbox 1183 1105 1234 1185; x_wconf 90' lang='lat' dir='ltr'>qui</span> <span class='ocrx_word' id='word_1_76' title='bbox 1257 1103 1374 1166; x_wconf 85' lang='lat' dir='ltr'>tolerari</span> <span class='ocrx_word' id='word_1_77' title='bbox 1396 1103 1499 1185; x_wconf 80' lang='lat' dir='ltr'>possit,</span> <span class='ocrx_word' id='word_1_78' title='bbox 1532 1103 1558 1165; x_wconf 93' lang='lat' dir='ltr'>si</span> <span class='ocrx_word' id='word_1_79' title='bbox 1587 1104 1697 1166; x_wconf 84' lang='lat' dir='ltr'>dedun-</span> 
     </span>
     <span class='ocr_line' id='line_1_8' title="bbox 343 1207 1698 1288; baseline 0 -18"><span class='ocrx_word' id='word_1_80' title='bbox 343 1210 453 1270; x_wconf 84' lang='lat' dir='ltr'>tionem</span> <span class='ocrx_word' id='word_1_81' title='bbox 492 1209 590 1270; x_wconf 85' lang='lat' dir='ltr'>statim</span> <span class='ocrx_word' id='word_1_82' title='bbox 628 1215 728 1268; x_wconf 87' lang='lat' dir='ltr'>secuta</span> <span class='ocrx_word' id='word_1_83' title='bbox 761 1216 831 1268; x_wconf 94' lang='lat' dir='ltr'>sunt</span> <span class='ocrx_word' id='word_1_84' title='bbox 864 1207 1006 1270; x_wconf 85' lang='lat' dir='ltr'>consulta.</span> <span class='ocrx_word' id='word_1_85' title='bbox 1061 1207 1134 1270; x_wconf 92' lang='lat' dir='ltr'>Utut</span> <span class='ocrx_word' id='word_1_86' title='bbox 1166 1217 1223 1280; x_wconf 86' lang='lat' dir='ltr'>est,</span> <span class='ocrx_word' id='word_1_87' title='bbox 1262 1208 1340 1269; x_wconf 87' lang='lat' dir='ltr'>idem</span> <span class='ocrx_word' id='word_1_88' title='bbox 1372 1225 1438 1268; x_wconf 86' lang='lat' dir='ltr'>esse</span> <span class='ocrx_word' id='word_1_89' title='bbox 1470 1225 1545 1288; x_wconf 82' lang='lat' dir='ltr'>nego</span> <span class='ocrx_word' id='word_1_90' title='bbox 1578 1216 1698 1270; x_wconf 86' lang='lat' dir='ltr'>senatus</span> 
     </span>
     <span class='ocr_line' id='line_1_9' title="bbox 343 1309 1699 1393; baseline 0 -19"><span class='ocrx_word' id='word_1_91' title='bbox 343 1313 510 1374; x_wconf 83' lang='lat' dir='ltr'>consultum</span> <span class='ocrx_word' id='word_1_92' title='bbox 534 1310 585 1373; x_wconf 87' lang='lat' dir='ltr'>Gai</span> <span class='ocrx_word' id='word_1_93' title='bbox 607 1330 694 1372; x_wconf 85' lang='lat' dir='ltr'>eausa</span> <span class='ocrx_word' id='word_1_94' title='bbox 716 1329 741 1371; x_wconf 92' lang='lat' dir='ltr'>a.</span> <span class='ocrx_word' id='word_1_95' title='bbox 759 1309 819 1372; x_wconf 77' lang='lat'>748</span> <span class='ocrx_word' id='word_1_96' title='bbox 842 1313 961 1383; x_wconf 87' lang='lat' dir='ltr'>lactum,</span> <span class='ocrx_word' id='word_1_97' title='bbox 988 1311 1024 1374; x_wconf 89' lang='lat' dir='ltr'>de</span> <span class='ocrx_word' id='word_1_98' title='bbox 1051 1330 1109 1391; x_wconf 89' lang='lat' dir='ltr'>quo</span> <span class='ocrx_word' id='word_1_99' title='bbox 1130 1310 1185 1374; x_wconf 85' lang='lat' dir='ltr'>Dio</span> <span class='ocrx_word' id='word_1_100' title='bbox 1214 1318 1282 1393; x_wconf 91' lang='lat' dir='ltr'>post</span> <span class='ocrx_word' id='word_1_101' title='bbox 1308 1311 1394 1373; x_wconf 80' lang='lat' dir='ltr'>verba</span> <span class='ocrx_word' id='word_1_102' title='bbox 1421 1329 1510 1392; x_wconf 87' lang='lat' dir='ltr'>supra</span> <span class='ocrx_word' id='word_1_103' title='bbox 1536 1311 1629 1374; x_wconf 89' lang='lat' dir='ltr'>adlata</span> <span class='ocrx_word' id='word_1_104' title='bbox 1657 1311 1699 1374; x_wconf 90' lang='lat' dir='ltr'>ita</span> 
     </span>
     <span class='ocr_line' id='line_1_10' title="bbox 345 1409 1699 1500; baseline 0.001 -24"><span class='ocrx_word' id='word_1_105' title='bbox 345 1419 445 1477; x_wconf 88' lang='lat' dir='ltr'>relert:</span> <span class='ocrx_word' id='word_1_106' title='bbox 473 1413 529 1476; x_wconf 84' lang='grc' dir='ltr'>καὶ</span> <span class='ocrx_word' id='word_1_107' title='bbox 556 1411 638 1496; x_wconf 83' lang='grc' dir='ltr'><strong><em>μετὰ</em></strong></span> <span class='ocrx_word' id='word_1_108' title='bbox 666 1411 764 1475; x_wconf 73' lang='grc' dir='ltr'><strong><em>τοῦθ’</em></strong></span> <span class='ocrx_word' id='word_1_109' title='bbox 795 1409 975 1497; x_wconf 73' lang='grc' dir='ltr'><strong><em>ἱερωσύνην</em></strong></span> <span class='ocrx_word' id='word_1_110' title='bbox 1002 1415 1063 1496; x_wconf 84' lang='grc' dir='ltr'>μέν</span> <span class='ocrx_word' id='word_1_111' title='bbox 1089 1436 1163 1479; x_wconf 84' lang='grc' dir='ltr'><strong><em>τινα</em></strong></span> <span class='ocrx_word' id='word_1_112' title='bbox 1190 1409 1280 1498; x_wconf 77' lang='grc' dir='ltr'><strong><em>αὐτῷ</em></strong></span> <span class='ocrx_word' id='word_1_113' title='bbox 1303 1414 1399 1493; x_wconf 85' lang='lat' dir='ltr'>(Gaio)</span> <span class='ocrx_word' id='word_1_114' title='bbox 1428 1413 1484 1476; x_wconf 79' lang='grc' dir='ltr'>καὶ</span> <span class='ocrx_word' id='word_1_115' title='bbox 1514 1413 1573 1500; x_wconf 79' lang='grc' dir='ltr'>τὴν</span> <span class='ocrx_word' id='word_1_116' title='bbox 1599 1413 1633 1489; x_wconf 83' lang='grc' dir='ltr'>ἐς</span> <span class='ocrx_word' id='word_1_117' title='bbox 1659 1414 1699 1479; x_wconf 86' lang='grc' dir='ltr'>τὸ</span> 
     </span>
     <span class='ocr_line' id='line_1_11' title="bbox 346 1513 1700 1606; baseline -0.002 -23"><span class='ocrx_word' id='word_1_118' title='bbox 346 1516 520 1602; x_wconf 79' lang='grc' dir='ltr'><strong><em>συνέδριον</em></strong></span> <span class='ocrx_word' id='word_1_119' title='bbox 542 1519 765 1600; x_wconf 77' lang='grc' dir='ltr'><strong><em>συμφοίυησιν</em></strong></span> <span class='ocrx_word' id='word_1_120' title='bbox 785 1513 824 1579; x_wconf 86' lang='grc' dir='ltr'>τό</span> <span class='ocrx_word' id='word_1_121' title='bbox 845 1539 881 1579; x_wconf 86' lang='grc' dir='ltr'>τε</span> <span class='ocrx_word' id='word_1_122' title='bbox 904 1515 1116 1580; x_wconf 71' lang='grc' dir='ltr'><strong><em>συνθεᾶσθαι</em></strong></span> <span class='ocrx_word' id='word_1_123' title='bbox 1139 1515 1195 1580; x_wconf 79' lang='grc' dir='ltr'>καὶ</span> <span class='ocrx_word' id='word_1_124' title='bbox 1217 1516 1254 1581; x_wconf 80' lang='grc' dir='ltr'>τὸ</span> <span class='ocrx_word' id='word_1_125' title='bbox 1270 1517 1513 1591; x_wconf 72' lang='grc' dir='ltr'><strong><em>συνεστιᾶσθαι</em></strong></span> <span class='ocrx_word' id='word_1_126' title='bbox 1536 1517 1576 1605; x_wconf 77' lang='grc' dir='ltr'>τῇ</span> <span class='ocrx_word' id='word_1_127' title='bbox 1597 1515 1700 1606; x_wconf 75' lang='grc' dir='ltr'><strong><em>βουλῇ</em></strong></span> 
     </span>
     <span class='ocr_line' id='line_1_12' title="bbox 346 1620 1699 1704; baseline -0.003 -18"><span class='ocrx_word' id='word_1_128' title='bbox 346 1622 459 1698; x_wconf 82' lang='grc' dir='ltr'><strong><em>ἔδωκε,</em></strong></span> <span class='ocrx_word' id='word_1_129' title='bbox 490 1622 568 1703; x_wconf 89' lang='lat' dir='ltr'>quod</span> <span class='ocrx_word' id='word_1_130' title='bbox 596 1621 750 1683; x_wconf 82' lang='lat' dir='ltr'>continuat</span> <span class='ocrx_word' id='word_1_131' title='bbox 778 1620 904 1682; x_wconf 83' lang='lat' dir='ltr'>Zonaras</span> <span class='ocrx_word' id='word_1_132' title='bbox 929 1621 984 1694; x_wconf 89' lang='lat'>10,</span> <span class='ocrx_word' id='word_1_133' title='bbox 1012 1621 1052 1681; x_wconf 85' lang='lat'>35</span> <span class='ocrx_word' id='word_1_134' title='bbox 1081 1621 1112 1682; x_wconf 96' lang='lat' dir='ltr'>in</span> <span class='ocrx_word' id='word_1_135' title='bbox 1139 1620 1240 1683; x_wconf 85' lang='lat' dir='ltr'>Dionis</span> <span class='ocrx_word' id='word_1_136' title='bbox 1268 1621 1411 1704; x_wconf 82' lang='lat' dir='ltr'>deperditi</span> <span class='ocrx_word' id='word_1_137' title='bbox 1437 1623 1535 1684; x_wconf 84' lang='lat' dir='ltr'>locum</span> <span class='ocrx_word' id='word_1_138' title='bbox 1562 1622 1699 1693; x_wconf 86' lang='lat' dir='ltr'>subiens:</span> 
     </span>
     <span class='ocr_line' id='line_1_13' title="bbox 346 1719 1700 1808; baseline -0.002 -18"><span class='ocrx_word' id='word_1_139' title='bbox 346 1727 532 1792; x_wconf 80' lang='grc' dir='ltr'><strong><em>δωδέκατον</em></strong></span> <span class='ocrx_word' id='word_1_140' title='bbox 553 1721 727 1790; x_wconf 71' lang='grc' dir='ltr'><strong><em>ὑπατεύων</em></strong></span> <span class='ocrx_word' id='word_1_141' title='bbox 749 1725 788 1804; x_wconf 89' lang='lat' dir='ltr'>(a.</span> <span class='ocrx_word' id='word_1_142' title='bbox 805 1724 880 1802; x_wconf 83' lang='grc'>749)</span> <span class='ocrx_word' id='word_1_143' title='bbox 903 1719 922 1786; x_wconf 84' lang='lat' dir='ltr'>d</span> <span class='ocrx_word' id='word_1_144' title='bbox 947 1720 1140 1802; x_wconf 71' lang='grc' dir='ltr'><strong><em>Αὔγουστος</em></strong></span> <span class='ocrx_word' id='word_1_145' title='bbox 1163 1725 1211 1797; x_wconf 77' lang='grc' dir='ltr'>εἷς</span> <span class='ocrx_word' id='word_1_146' title='bbox 1236 1724 1312 1799; x_wconf 78' lang='grc' dir='ltr'><strong><em>τοὺς</em></strong></span> <span class='ocrx_word' id='word_1_147' title='bbox 1338 1720 1484 1808; x_wconf 72' lang='grc' dir='ltr'><strong><em>ἐφήβους</em></strong></span> <span class='ocrx_word' id='word_1_148' title='bbox 1513 1723 1569 1788; x_wconf 80' lang='grc' dir='ltr'>τὸν</span> <span class='ocrx_word' id='word_1_149' title='bbox 1597 1720 1700 1787; x_wconf 81' lang='grc' dir='ltr'><strong><em>Γάιον</em></strong></span> 
     </span>
     <span class='ocr_line' id='line_1_14' title="bbox 346 1820 1701 1910; baseline -0.004 -16"><span class='ocrx_word' id='word_1_150' title='bbox 346 1829 438 1903; x_wconf 83' lang='grc' dir='ltr'><strong><em>ἔταξε</em></strong></span> <span class='ocrx_word' id='word_1_151' title='bbox 460 1829 514 1892; x_wconf 82' lang='grc' dir='ltr'>καὶ</span> <span class='ocrx_word' id='word_1_152' title='bbox 537 1823 569 1902; x_wconf 80' lang='grc' dir='ltr'>ἐς</span> <span class='ocrx_word' id='word_1_153' title='bbox 591 1827 628 1891; x_wconf 82' lang='lat' dir='ltr'>ad</span> <span class='ocrx_word' id='word_1_154' title='bbox 650 1824 883 1910; x_wconf 74' lang='grc' dir='ltr'><strong><em>βουλευτήριον</em></strong></span> <span class='ocrx_word' id='word_1_155' title='bbox 905 1820 974 1908; x_wconf 81' lang='grc' dir='ltr'>ἅμα</span> <span class='ocrx_word' id='word_1_156' title='bbox 997 1827 1161 1910; x_wconf 75' lang='grc' dir='ltr'><strong><em>εἰσήγαγε.</em></strong></span> <span class='ocrx_word' id='word_1_157' title='bbox 1198 1827 1270 1890; x_wconf 87' lang='lat' dir='ltr'>Nam</span> <span class='ocrx_word' id='word_1_158' title='bbox 1294 1837 1329 1891; x_wconf 93' lang='lat' dir='ltr'>ut</span> <span class='ocrx_word' id='word_1_159' title='bbox 1348 1828 1416 1892; x_wconf 83' lang='lat' dir='ltr'>atini</span> <span class='ocrx_word' id='word_1_160' title='bbox 1438 1829 1562 1909; x_wconf 87' lang='lat' dir='ltr'>exposui</span> <span class='ocrx_word' id='word_1_161' title='bbox 1577 1828 1701 1905; x_wconf 63' lang='grc' dir='ltr'>(διαστε-</span> 
     </span>
     <span class='ocr_line' id='line_1_15' title="bbox 348 1930 1702 2014; baseline -0.003 -16"><span class='ocrx_word' id='word_1_162' title='bbox 348 1935 457 1998; x_wconf 80' lang='lat' dir='ltr'>reolu2</span> <span class='ocrx_word' id='word_1_163' title='bbox 479 1955 507 2014; x_wconf 93' lang='lat' dir='ltr'>p.</span> <span class='ocrx_word' id='word_1_164' title='bbox 524 1933 614 2012; x_wconf 85' lang='lat'>903),</span> <span class='ocrx_word' id='word_1_165' title='bbox 642 1932 689 1994; x_wconf 90' lang='lat' dir='ltr'>ius</span> <span class='ocrx_word' id='word_1_166' title='bbox 712 1931 831 1993; x_wconf 86' lang='lat' dir='ltr'>sedendi</span> <span class='ocrx_word' id='word_1_167' title='bbox 852 1930 931 1992; x_wconf 88' lang='lat' dir='ltr'>inter</span> <span class='ocrx_word' id='word_1_168' title='bbox 958 1939 1107 1992; x_wconf 77' lang='lat' dir='ltr'>senatores</span> <span class='ocrx_word' id='word_1_169' title='bbox 1134 1940 1194 1994; x_wconf 92' lang='lat' dir='ltr'>tam</span> <span class='ocrx_word' id='word_1_170' title='bbox 1224 1933 1254 1994; x_wconf 96' lang='lat' dir='ltr'>in</span> <span class='ocrx_word' id='word_1_171' title='bbox 1282 1932 1362 1994; x_wconf 86' lang='lat' dir='ltr'>ouria</span> <span class='ocrx_word' id='word_1_172' title='bbox 1391 1951 1479 2011; x_wconf 88' lang='lat' dir='ltr'>quam</span> <span class='ocrx_word' id='word_1_173' title='bbox 1509 1933 1588 1994; x_wconf 81' lang='lat' dir='ltr'>inter</span> <span class='ocrx_word' id='word_1_174' title='bbox 1615 1931 1702 1994; x_wconf 93' lang='lat' dir='ltr'>ludos</span> 
     </span>
     <span class='ocr_line' id='line_1_16' title="bbox 346 2034 1704 2118; baseline -0.003 -17"><span class='ocrx_word' id='word_1_175' title='bbox 346 2051 376 2102; x_wconf 91' lang='lat' dir='ltr'>et</span> <span class='ocrx_word' id='word_1_176' title='bbox 398 2038 498 2118; x_wconf 87' lang='lat' dir='ltr'>epulas</span> <span class='ocrx_word' id='word_1_177' title='bbox 525 2036 656 2118; x_wconf 86' lang='lat' dir='ltr'>publicas</span> <span class='ocrx_word' id='word_1_178' title='bbox 686 2035 773 2097; x_wconf 91' lang='lat' dir='ltr'>etiam</span> <span class='ocrx_word' id='word_1_179' title='bbox 804 2042 984 2116; x_wconf 88' lang='lat' dir='ltr'>praetextato</span> <span class='ocrx_word' id='word_1_180' title='bbox 1012 2043 1089 2096; x_wconf 86' lang='lat' dir='ltr'>recte</span> <span class='ocrx_word' id='word_1_181' title='bbox 1117 2034 1179 2096; x_wconf 90' lang='lat' dir='ltr'>dari</span> <span class='ocrx_word' id='word_1_182' title='bbox 1205 2038 1311 2117; x_wconf 92' lang='lat' dir='ltr'>potuit,</span> <span class='ocrx_word' id='word_1_183' title='bbox 1344 2055 1436 2116; x_wconf 90' lang='lat' dir='ltr'>eoque</span> <span class='ocrx_word' id='word_1_184' title='bbox 1470 2035 1562 2115; x_wconf 79' lang='lat' dir='ltr'>magis</span> <span class='ocrx_word' id='word_1_185' title='bbox 1589 2036 1704 2098; x_wconf 90' lang='lat' dir='ltr'>duount</span> 
     </span>
     <span class='ocr_line' id='line_1_17' title="bbox 346 2136 1702 2218; baseline -0.002 -14"><span class='ocrx_word' id='word_1_186' title='bbox 346 2143 433 2205; x_wconf 86' lang='lat' dir='ltr'>verba</span> <span class='ocrx_word' id='word_1_187' title='bbox 449 2141 557 2202; x_wconf 87' lang='lat' dir='ltr'>Dionis.</span> <span class='ocrx_word' id='word_1_188' title='bbox 604 2139 733 2218; x_wconf 87' lang='lat' dir='ltr'>Denique</span> <span class='ocrx_word' id='word_1_189' title='bbox 755 2138 829 2199; x_wconf 89' lang='lat' dir='ltr'>nihil</span> <span class='ocrx_word' id='word_1_190' title='bbox 849 2136 981 2218; x_wconf 89' lang='lat' dir='ltr'>impedit,</span> <span class='ocrx_word' id='word_1_191' title='bbox 1004 2139 1164 2217; x_wconf 88' lang='lat' dir='ltr'>quominus</span> <span class='ocrx_word' id='word_1_192' title='bbox 1186 2149 1307 2202; x_wconf 90' lang='lat' dir='ltr'>senatus</span> <span class='ocrx_word' id='word_1_193' title='bbox 1328 2141 1397 2202; x_wconf 88' lang='lat' dir='ltr'>Gaio</span> <span class='ocrx_word' id='word_1_194' title='bbox 1420 2149 1450 2202; x_wconf 90' lang='lat' dir='ltr'>et</span> <span class='ocrx_word' id='word_1_195' title='bbox 1464 2139 1555 2202; x_wconf 81' lang='lat' dir='ltr'>Lucio</span> <span class='ocrx_word' id='word_1_196' title='bbox 1576 2141 1702 2202; x_wconf 83' lang='lat' dir='ltr'>alterum</span> 
     </span>
     <span class='ocr_line' id='line_1_18' title="bbox 347 2242 1703 2324; baseline -0.001 -17"><span class='ocrx_word' id='word_1_197' title='bbox 347 2247 488 2307; x_wconf 88' lang='lat' dir='ltr'>honorem</span> <span class='ocrx_word' id='word_1_198' title='bbox 505 2243 699 2324; x_wconf 83' lang='lat' dir='ltr'>praetextatis,</span> <span class='ocrx_word' id='word_1_199' title='bbox 715 2242 837 2304; x_wconf 88' lang='lat' dir='ltr'>alterum</span> <span class='ocrx_word' id='word_1_200' title='bbox 854 2251 922 2322; x_wconf 94' lang='lat' dir='ltr'>post</span> <span class='ocrx_word' id='word_1_201' title='bbox 936 2249 1085 2321; x_wconf 89' lang='lat' dir='ltr'>sumptam</span> <span class='ocrx_word' id='word_1_202' title='bbox 1102 2249 1197 2321; x_wconf 82' lang='lat' dir='ltr'>togam</span> <span class='ocrx_word' id='word_1_203' title='bbox 1214 2243 1325 2305; x_wconf 84' lang='lat' dir='ltr'>virilem</span> <span class='ocrx_word' id='word_1_204' title='bbox 1342 2243 1485 2305; x_wconf 88' lang='lat' dir='ltr'>tribuerit.</span> <span class='ocrx_word' id='word_1_205' title='bbox 1501 2243 1703 2305; x_wconf 78' lang='lat' dir='ltr'>—Praeterea</span> 
     </span>
     <span class='ocr_line' id='line_1_19' title="bbox 350 2342 1704 2429; baseline -0.001 -20"><span class='ocrx_word' id='word_1_206' title='bbox 350 2349 451 2410; x_wconf 89' lang='lat' dir='ltr'>titulus</span> <span class='ocrx_word' id='word_1_207' title='bbox 467 2347 497 2408; x_wconf 87' lang='lat' dir='ltr'>C.</span> <span class='ocrx_word' id='word_1_208' title='bbox 510 2347 531 2407; x_wconf 92' lang='lat' dir='ltr'>l.</span> <span class='ocrx_word' id='word_1_209' title='bbox 545 2346 576 2406; x_wconf 87' lang='lat' dir='ltr'>L.</span> <span class='ocrx_word' id='word_1_210' title='bbox 589 2346 601 2406; x_wconf 94' lang='lat' dir='ltr'>l</span> <span class='ocrx_word' id='word_1_211' title='bbox 616 2366 644 2425; x_wconf 91' lang='lat' dir='ltr'>p.</span> <span class='ocrx_word' id='word_1_212' title='bbox 661 2344 723 2406; x_wconf 79' lang='lat'>286</span> <span class='ocrx_word' id='word_1_213' title='bbox 739 2343 801 2418; x_wconf 85' lang='lat' dir='ltr'>(uhi</span> <span class='ocrx_word' id='word_1_214' title='bbox 824 2363 892 2405; x_wconf 91' lang='lat' dir='ltr'>eum</span> <span class='ocrx_word' id='word_1_215' title='bbox 915 2342 992 2404; x_wconf 91' lang='lat' dir='ltr'>inter</span> <span class='ocrx_word' id='word_1_216' title='bbox 1014 2343 1104 2424; x_wconf 85' lang='lat' dir='ltr'>elogia</span> <span class='ocrx_word' id='word_1_217' title='bbox 1124 2347 1224 2408; x_wconf 88' lang='lat' dir='ltr'>rettuli</span> <span class='ocrx_word' id='word_1_218' title='bbox 1240 2347 1379 2429; x_wconf 86' lang='lat' dir='ltr'>deceptus</span> <span class='ocrx_word' id='word_1_219' title='bbox 1394 2347 1474 2410; x_wconf 83' lang='lat' dir='ltr'>falsis</span> <span class='ocrx_word' id='word_1_220' title='bbox 1490 2347 1704 2428; x_wconf 88' lang='lat' dir='ltr'>supplementis</span> 
     </span>
     <span class='ocr_line' id='line_1_20' title="bbox 349 2446 1141 2529; baseline -0.004 -16"><span class='ocrx_word' id='word_1_221' title='bbox 349 2449 496 2514; x_wconf 89' lang='lat' dir='ltr'>damnatis</span> <span class='ocrx_word' id='word_1_222' title='bbox 519 2447 624 2512; x_wconf 88' lang='lat' dir='ltr'>deinde</span> <span class='ocrx_word' id='word_1_223' title='bbox 645 2448 675 2510; x_wconf 91' lang='lat' dir='ltr'>in</span> <span class='ocrx_word' id='word_1_224' title='bbox 699 2447 764 2509; x_wconf 89' lang='lat' dir='ltr'>add.</span> <span class='ocrx_word' id='word_1_225' title='bbox 780 2467 808 2529; x_wconf 92' lang='lat' dir='ltr'>p.</span> <span class='ocrx_word' id='word_1_226' title='bbox 826 2447 899 2522; x_wconf 84' lang='grc'>565)</span> <span class='ocrx_word' id='word_1_227' title='bbox 922 2475 967 2503; x_wconf 90' lang='lat'>=</span> <span class='ocrx_word' id='word_1_228' title='bbox 988 2446 1035 2520; x_wconf 87' lang='lat' dir='ltr'>vl,</span> <span class='ocrx_word' id='word_1_229' title='bbox 1060 2447 1141 2512; x_wconf 81' lang='lat'>895:</span> 
     </span>
    </p>
   </div>
   <div class='ocr_carea' id='block_1_3' title="bbox 551 2585 1485 3082">
    <p class='ocr_par' dir='ltr' id='par_1_3' title="bbox 634 2585 1429 2822">
     <span class='ocr_line' id='line_1_21' title="bbox 988 2585 1424 2640; baseline 0.002 -4"><span class='ocrx_word' id='word_1_230' title='bbox 988 2585 1106 2637; x_wconf 64' lang='lat' dir='ltr'>‘admouit</span> <span class='ocrx_word' id='word_1_231' title='bbox 1123 2593 1226 2640; x_wconf 79' lang='lat' dir='ltr'>senatus</span> <span class='ocrx_word' id='word_1_232' title='bbox 1243 2593 1272 2639; x_wconf 83' lang='lat' dir='ltr'>ut</span> <span class='ocrx_word' id='word_1_233' title='bbox 1290 2593 1424 2640; x_wconf 67' lang='lat' dir='ltr'>ornasset</span> 
     </span>
     <span class='ocr_line' id='line_1_22' title="bbox 634 2663 1429 2738; baseline 0 -15"><span class='ocrx_word' id='word_1_234' title='bbox 634 2679 779 2724; x_wconf 80' lang='lat' dir='ltr'>consitus</span> <span class='ocrx_word' id='word_1_235' title='bbox 791 2692 799 2711; x_wconf 93' lang='lat'><strong>·</strong></span> <span class='ocrx_word' id='word_1_236' title='bbox 812 2680 941 2724; x_wconf 78' lang='lat' dir='ltr'>Pvettcts</span> <span class='ocrx_word' id='word_1_237' title='bbox 953 2695 960 2710; x_wconf 94' lang='lat'><strong>·</strong></span> <span class='ocrx_word' id='word_1_238' title='bbox 973 2675 1113 2738; x_wconf 81' lang='lat' dir='ltr'>colrelque</span> <span class='ocrx_word' id='word_1_239' title='bbox 1129 2663 1196 2724; x_wconf 64' lang='lat' dir='ltr'>intel*</span> <span class='ocrx_word' id='word_1_240' title='bbox 1214 2678 1354 2738; x_wconf 77' lang='lat' dir='ltr'>senatores,</span> <span class='ocrx_word' id='word_1_241' title='bbox 1371 2689 1429 2724; x_wconf 84' lang='lat' dir='ltr'>cum</span> 
     </span>
     <span class='ocr_line' id='line_1_23' title="bbox 635 2761 1326 2822; baseline 0.001 -15"><span class='ocrx_word' id='word_1_242' title='bbox 635 2767 745 2808; x_wconf 80' lang='lat' dir='ltr'>annun</span> <span class='ocrx_word' id='word_1_243' title='bbox 783 2782 791 2797; x_wconf 90' lang='lat'><strong>·</strong></span> <span class='ocrx_word' id='word_1_244' title='bbox 828 2768 1014 2810; x_wconf 79' lang='lat' dir='ltr'>axaeervnvs</span> <span class='ocrx_word' id='word_1_245' title='bbox 1065 2761 1123 2808; x_wconf 79' lang='grc' dir='ltr'>αα</span> <span class='ocrx_word' id='word_1_246' title='bbox 1174 2761 1235 2809; x_wconf 68' lang='lat' dir='ltr'>asin</span> <span class='ocrx_word' id='word_1_247' title='bbox 1253 2763 1326 2822; x_wconf 66' lang='lat' dir='ltr'>(aar)</span> 
     </span>
    </p>

    <p class='ocr_par' dir='ltr' id='par_1_4' title="bbox 551 2833 1485 3082">
     <span class='ocr_line' id='line_1_24' title="bbox 551 2833 1322 2897; baseline -0.004 0"><span class='ocrx_word' id='word_1_248' title='bbox 551 2853 677 2897; x_wconf 84' lang='lat' dir='ltr'>noarsn</span> <span class='ocrx_word' id='word_1_249' title='bbox 694 2867 700 2880; x_wconf 93' lang='lat'>·</span> <span class='ocrx_word' id='word_1_250' title='bbox 718 2853 781 2895; x_wconf 80' lang='lat' dir='ltr'>eivs</span> <span class='ocrx_word' id='word_1_251' title='bbox 797 2867 804 2880; x_wconf 94' lang='lat'>·</span> <span class='ocrx_word' id='word_1_252' title='bbox 822 2849 950 2896; x_wconf 81' lang='lat' dir='ltr'>avsrrrro</span> <span class='ocrx_word' id='word_1_253' title='bbox 962 2865 970 2883; x_wconf 93' lang='lat'><strong>·</strong></span> <span class='ocrx_word' id='word_1_254' title='bbox 984 2833 1037 2896; x_wconf 75' lang='lat' dir='ltr'>rea</span> <span class='ocrx_word' id='word_1_255' title='bbox 1053 2864 1061 2883; x_wconf 92' lang='lat'><strong>·</strong></span> <span class='ocrx_word' id='word_1_256' title='bbox 1078 2842 1210 2895; x_wconf 76' lang='lat' dir='ltr'>consoles</span> <span class='ocrx_word' id='word_1_257' title='bbox 1227 2843 1322 2895; x_wconf 74' lang='lat' dir='ltr'>induto</span> 
     </span>
     <span class='ocr_line' id='line_1_25' title="bbox 635 2917 1425 2988; baseline 0 -7"><span class='ocrx_word' id='word_1_258' title='bbox 635 2938 759 2981; x_wconf 83' lang='lat' dir='ltr'>omnes·</span> <span class='ocrx_word' id='word_1_259' title='bbox 773 2939 931 2980; x_wconf 80' lang='lat' dir='ltr'>avxsavnr</span> <span class='ocrx_word' id='word_1_260' title='bbox 954 2917 963 2988; x_wconf 81' lang='lat' dir='ltr'>l</span> <span class='ocrx_word' id='word_1_261' title='bbox 983 2940 1126 2983; x_wconf 79' lang='lat' dir='ltr'>censurae</span> <span class='ocrx_word' id='word_1_262' title='bbox 1167 2965 1425 2981; x_wconf 93' lang='grc'><strong>.........</strong></span> 
     </span>
     <span class='ocr_line' id='line_1_26' title="bbox 636 3025 1485 3082; baseline 0.001 -16"><span class='ocrx_word' id='word_1_263' title='bbox 636 3025 1074 3068; x_wconf 80' lang='lat' dir='ltr'>rnsronravs·nsconnaa·cv</span> <span class='ocrx_word' id='word_1_264' title='bbox 1104 3052 1110 3066; x_wconf 95' lang='lat'>.</span> <span class='ocrx_word' id='word_1_265' title='bbox 1136 3050 1425 3067; x_wconf 90' lang='grc'><strong>..........</strong></span> <span class='ocrx_word' id='word_1_266' title='bbox 1481 3071 1485 3082; x_wconf 53' lang='grc'>,</span> 
     </span>
    </p>
   </div>
   <div class='ocr_carea' id='block_1_4' title="bbox 352 3152 1711 3547">
    <p class='ocr_par' dir='ltr' id='par_1_5' title="bbox 352 3152 1711 3547">
     <span class='ocr_line' id='line_1_27' title="bbox 353 3152 1709 3240; baseline -0.004 -20"><span class='ocrx_word' id='word_1_267' title='bbox 353 3177 420 3240; x_wconf 90' lang='lat' dir='ltr'>pars</span> <span class='ocrx_word' id='word_1_268' title='bbox 442 3157 557 3232; x_wconf 79' lang='lat' dir='ltr'>videtur</span> <span class='ocrx_word' id='word_1_269' title='bbox 579 3174 643 3216; x_wconf 86' lang='lat' dir='ltr'>esse</span> <span class='ocrx_word' id='word_1_270' title='bbox 666 3154 749 3232; x_wconf 75' lang='lat' dir='ltr'>elogii</span> <span class='ocrx_word' id='word_1_271' title='bbox 772 3153 942 3235; x_wconf 82' lang='lat' dir='ltr'>sepulcralis</span> <span class='ocrx_word' id='word_1_272' title='bbox 964 3153 1046 3214; x_wconf 86' lang='lat' dir='ltr'>Lucii</span> <span class='ocrx_word' id='word_1_273' title='bbox 1068 3152 1121 3215; x_wconf 87' lang='lat' dir='ltr'>srlii</span> <span class='ocrx_word' id='word_1_274' title='bbox 1143 3152 1284 3230; x_wconf 73' lang='lat' dir='ltr'>Augusti3</span> <span class='ocrx_word' id='word_1_275' title='bbox 1306 3171 1374 3215; x_wconf 91' lang='lat' dir='ltr'>nam</span> <span class='ocrx_word' id='word_1_276' title='bbox 1399 3154 1450 3216; x_wconf 87' lang='lat' dir='ltr'>Gai</span> <span class='ocrx_word' id='word_1_277' title='bbox 1472 3153 1499 3216; x_wconf 92' lang='lat' dir='ltr'>si</span> <span class='ocrx_word' id='word_1_278' title='bbox 1521 3163 1608 3228; x_wconf 86' lang='lat' dir='ltr'>esset,</span> <span class='ocrx_word' id='word_1_279' title='bbox 1629 3154 1709 3216; x_wconf 86' lang='lat' dir='ltr'>inter</span> 
     </span>
     <span class='ocr_line' id='line_1_28' title="bbox 352 3255 1710 3336; baseline -0.004 -13"><span class='ocrx_word' id='word_1_280' title='bbox 352 3264 503 3324; x_wconf 88' lang='lat' dir='ltr'>decretum</span> <span class='ocrx_word' id='word_1_281' title='bbox 518 3260 553 3320; x_wconf 88' lang='lat' dir='ltr'>de</span> <span class='ocrx_word' id='word_1_282' title='bbox 569 3259 680 3319; x_wconf 90' lang='lat' dir='ltr'>honore</span> <span class='ocrx_word' id='word_1_283' title='bbox 693 3257 838 3319; x_wconf 89' lang='lat' dir='ltr'>senatorio</span> <span class='ocrx_word' id='word_1_284' title='bbox 851 3266 1036 3336; x_wconf 89' lang='lat' dir='ltr'>mortemque</span> <span class='ocrx_word' id='word_1_285' title='bbox 1051 3255 1283 3336; x_wconf 86' lang='lat' dir='ltr'>interponendas</span> <span class='ocrx_word' id='word_1_286' title='bbox 1298 3257 1355 3318; x_wconf 87' lang='lat' dir='ltr'>luit</span> <span class='ocrx_word' id='word_1_287' title='bbox 1369 3259 1539 3320; x_wconf 81' lang='lat' dir='ltr'>consulatus</span> <span class='ocrx_word' id='word_1_288' title='bbox 1554 3266 1584 3319; x_wconf 87' lang='lat' dir='ltr'>et</span> <span class='ocrx_word' id='word_1_289' title='bbox 1598 3275 1710 3318; x_wconf 84' lang='lat' dir='ltr'>nomen</span> 
     </span>
     <span class='ocr_line' id='line_1_29' title="bbox 353 3358 1711 3446; baseline -0.005 -19"><span class='ocrx_word' id='word_1_290' title='bbox 353 3363 538 3446; x_wconf 84' lang='lat' dir='ltr'>imperatoris</span> <span class='ocrx_word' id='word_1_291' title='bbox 565 3363 717 3441; x_wconf 88' lang='lat' dir='ltr'>adeptum,</span> <span class='ocrx_word' id='word_1_292' title='bbox 750 3380 845 3440; x_wconf 87' lang='lat' dir='ltr'>neque</span> <span class='ocrx_word' id='word_1_293' title='bbox 874 3361 964 3422; x_wconf 89' lang='lat' dir='ltr'>alium</span> <span class='ocrx_word' id='word_1_294' title='bbox 996 3359 1089 3421; x_wconf 94' lang='lat' dir='ltr'>ullum</span> <span class='ocrx_word' id='word_1_295' title='bbox 1116 3358 1253 3420; x_wconf 90' lang='lat' dir='ltr'>novimus</span> <span class='ocrx_word' id='word_1_296' title='bbox 1280 3359 1387 3422; x_wconf 90' lang='lat' dir='ltr'>domus</span> <span class='ocrx_word' id='word_1_297' title='bbox 1414 3359 1633 3444; x_wconf 83' lang='lat' dir='ltr'>imperatoriae,</span> <span class='ocrx_word' id='word_1_298' title='bbox 1660 3360 1711 3422; x_wconf 87' lang='lat' dir='ltr'>aui</span> 
     </span>
     <span class='ocr_line' id='line_1_30' title="bbox 355 3461 1711 3547; baseline -0.005 -16"><span class='ocrx_word' id='word_1_299' title='bbox 355 3468 501 3532; x_wconf 87' lang='lat' dir='ltr'>eiusmodi</span> <span class='ocrx_word' id='word_1_300' title='bbox 524 3466 649 3547; x_wconf 77' lang='lat' dir='ltr'>elogium</span> <span class='ocrx_word' id='word_1_301' title='bbox 672 3472 750 3527; x_wconf 86' lang='lat' dir='ltr'>recte</span> <span class='ocrx_word' id='word_1_302' title='bbox 772 3464 920 3527; x_wconf 85' lang='lat' dir='ltr'>adscribas</span> <span class='ocrx_word' id='word_1_303' title='bbox 943 3471 1058 3544; x_wconf 88' lang='lat' dir='ltr'>praeter</span> <span class='ocrx_word' id='word_1_304' title='bbox 1083 3461 1248 3535; x_wconf 73' lang='lat' dir='ltr'>Lucium1).</span> <span class='ocrx_word' id='word_1_305' title='bbox 1286 3463 1441 3526; x_wconf 79' lang='lat' dir='ltr'>Decretum</span> <span class='ocrx_word' id='word_1_306' title='bbox 1457 3463 1586 3526; x_wconf 86' lang='lat' dir='ltr'>idonius</span> <span class='ocrx_word' id='word_1_307' title='bbox 1602 3463 1711 3524; x_wconf 82' lang='lat' dir='ltr'>menri-</span> 
     </span>
    </p>
   </div>
   <div class='ocr_carea' id='block_1_5' title="bbox 356 3633 1712 3796">
    <p class='ocr_par' dir='ltr' id='par_1_6' title="bbox 356 3633 1712 3796">
     <span class='ocr_line' id='line_1_31' title="bbox 454 3633 1712 3706; baseline -0.005 -12"><span class='ocrx_word' id='word_1_308' title='bbox 454 3645 473 3706; x_wconf 84' lang='grc' dir='ltr'>Ι)</span> <span class='ocrx_word' id='word_1_309' title='bbox 497 3642 568 3694; x_wconf 82' lang='lat' dir='ltr'>audo</span> <span class='ocrx_word' id='word_1_310' title='bbox 591 3640 686 3692; x_wconf 87' lang='lat' dir='ltr'>similis</span> <span class='ocrx_word' id='word_1_311' title='bbox 709 3639 787 3703; x_wconf 73' lang='lat' dir='ltr'>elogii</span> <span class='ocrx_word' id='word_1_312' title='bbox 811 3637 859 3687; x_wconf 92' lang='lat' dir='ltr'>dno</span> <span class='ocrx_word' id='word_1_313' title='bbox 883 3635 1026 3700; x_wconf 77' lang='lat' dir='ltr'>fragmenta</span> <span class='ocrx_word' id='word_1_314' title='bbox 1044 3633 1136 3687; x_wconf 76' lang='lat' dir='ltr'>nomn</span> <span class='ocrx_word' id='word_1_315' title='bbox 1155 3652 1187 3687; x_wconf 85' lang='lat' dir='ltr'>ex</span> <span class='ocrx_word' id='word_1_316' title='bbox 1209 3637 1273 3703; x_wconf 88' lang='lat' dir='ltr'>ipsis</span> <span class='ocrx_word' id='word_1_317' title='bbox 1296 3638 1420 3689; x_wconf 83' lang='lat' dir='ltr'>mausolei</span> <span class='ocrx_word' id='word_1_318' title='bbox 1439 3637 1548 3704; x_wconf 70' lang='lat' dir='ltr'>Augusti</span> <span class='ocrx_word' id='word_1_319' title='bbox 1566 3635 1712 3704; x_wconf 80' lang='lat' dir='ltr'>parietibus</span> 
     </span>
     <span class='ocr_line' id='line_1_32' title="bbox 356 3722 1014 3796; baseline -0.017 -14"><span class='ocrx_word' id='word_1_320' title='bbox 356 3731 417 3782; x_wconf 86' lang='lat' dir='ltr'>olim</span> <span class='ocrx_word' id='word_1_321' title='bbox 436 3730 562 3796; x_wconf 81' lang='lat' dir='ltr'>descripta</span> <span class='ocrx_word' id='word_1_322' title='bbox 581 3727 608 3779; x_wconf 89' lang='lat' dir='ltr'>C.</span> <span class='ocrx_word' id='word_1_323' title='bbox 621 3725 664 3793; x_wconf 90' lang='lat' dir='ltr'>Vl,</span> <span class='ocrx_word' id='word_1_324' title='bbox 682 3728 731 3777; x_wconf 79' lang='grc'>894</span> <span class='ocrx_word' id='word_1_325' title='bbox 749 3725 814 3789; x_wconf 84' lang='lat' dir='ltr'>(cnm</span> <span class='ocrx_word' id='word_1_326' title='bbox 833 3723 917 3790; x_wconf 80' lang='lat' dir='ltr'>addp</span> <span class='ocrx_word' id='word_1_327' title='bbox 940 3722 1014 3784; x_wconf 77' lang='lat' dir='ltr'>illut:</span> 
     </span>
    </p>
   </div>
   <div class='ocr_carea' id='block_1_6' title="bbox 651 3825 1243 4138">
    <p class='ocr_par' dir='ltr' id='par_1_7' title="bbox 651 3825 1243 4138">
     <span class='ocr_line' id='line_1_33' title="bbox 656 3825 1243 4138; baseline -0.009 -229"><span class='ocrx_word' id='word_1_328' title='bbox 656 3851 671 3909; x_wconf 90' lang='lat' dir='ltr'>l</span> <span class='ocrx_word' id='word_1_329' title='bbox 743 3835 911 3929; x_wconf 39' lang='lat' dir='ltr'>nnteqtst&#39;std</span> <span class='ocrx_word' id='word_1_330' title='bbox 922 3825 1140 4138; x_wconf 34' lang='lat' dir='ltr'>messapo</span> <span class='ocrx_word' id='word_1_331' title='bbox 1158 3851 1243 3904; x_wconf 71' lang='lat' dir='ltr'>tuerer</span> 
     </span>
     <span class='ocr_line' id='line_1_34' title="bbox 739 3934 1207 4009; baseline -0.015 -14"><span class='ocrx_word' id='word_1_332' title='bbox 739 3939 877 4009; x_wconf 61' lang='lat' dir='ltr'>comtes·</span> <span class='ocrx_word' id='word_1_333' title='bbox 889 3951 990 3993; x_wconf 76' lang='lat' dir='ltr'>Pvett</span> <span class='ocrx_word' id='word_1_334' title='bbox 999 3934 1056 3992; x_wconf 85' lang='lat' dir='ltr'>Cls</span> <span class='ocrx_word' id='word_1_335' title='bbox 1067 3963 1073 3976; x_wconf 93' lang='lat'>·</span> <span class='ocrx_word' id='word_1_336' title='bbox 1086 3939 1207 3988; x_wconf 74' lang='lat' dir='ltr'>interesse</span> 
     </span>
     <span class='ocr_line' id='line_1_35' title="bbox 651 4005 1115 4083; baseline -0.004 -5"><span class='ocrx_word' id='word_1_337' title='bbox 651 4071 655 4078; x_wconf 93' lang='lat'>.</span> <span class='ocrx_word' id='word_1_338' title='bbox 793 4005 1115 4083; x_wconf 66' lang='lat' dir='ltr'>arusiensem-svo</span> 
     </span>
    </p>
   </div>
   <div class='ocr_carea' id='block_1_7' title="bbox 760 4047 1136 4204">
    <p class='ocr_par' dir='ltr' id='par_1_8' title="bbox 760 4047 1136 4204">
     <span class='ocr_line' id='line_1_36' title="bbox 760 4047 1136 4204; baseline -0.016 -41"><span class='ocrx_word' id='word_1_339' title='bbox 760 4047 1052 4204; x_wconf 59' lang='lat' dir='ltr'>smnchatvn</span> <span class='ocrx_word' id='word_1_340' title='bbox 1063 4133 1070 4148; x_wconf 92' lang='lat'><strong>·</strong></span> <span class='ocrx_word' id='word_1_341' title='bbox 1082 4111 1136 4193; x_wconf 59' lang='lat' dir='ltr'>vsa·</span> 
     </span>
    </p>
   </div>
   <div class='ocr_carea' id='block_1_8' title="bbox 390 4295 1407 4545">
    <p class='ocr_par' dir='ltr' id='par_1_9' title="bbox 390 4295 1407 4545">
     <span class='ocr_line' id='line_1_37' title="bbox 390 4295 1407 4394; baseline -0.008 -30"><span class='ocrx_word' id='word_1_342' title='bbox 390 4304 410 4364; x_wconf 81' lang='lat'><strong>2</strong></span> <span class='ocrx_word' id='word_1_343' title='bbox 441 4309 569 4362; x_wconf 65' lang='grc' dir='ltr'><strong><em>ἀαὶυισεαε</em></strong></span> <span class='ocrx_word' id='word_1_344' title='bbox 585 4309 674 4361; x_wconf 68' lang='lat' dir='ltr'>devetat</span> <span class='ocrx_word' id='word_1_345' title='bbox 690 4308 799 4376; x_wconf 62' lang='lat' dir='ltr'>rahpuoa</span> <span class='ocrx_word' id='word_1_346' title='bbox 814 4318 1010 4394; x_wconf 43' lang='lat' dir='ltr'>eorvis-ln</span> <span class='ocrx_word' id='word_1_347' title='bbox 1025 4331 1033 4349; x_wconf 92' lang='lat'><strong>·</strong></span> <span class='ocrx_word' id='word_1_348' title='bbox 1046 4295 1251 4361; x_wconf 74' lang='grc' dir='ltr'>υὲὓῐτιόΝΕ</span> <span class='ocrx_word' id='word_1_349' title='bbox 1269 4317 1296 4354; x_wconf 86' lang='lat' dir='ltr'>m</span> <span class='ocrx_word' id='word_1_350' title='bbox 1313 4307 1407 4372; x_wconf 78' lang='lat' dir='ltr'>aaeepit</span> 
     </span>
     <span class='ocr_line' id='line_1_38' title="bbox 712 4390 1323 4486; baseline -0.01 -38"><span class='ocrx_word' id='word_1_351' title='bbox 712 4411 769 4448; x_wconf 81' lang='lat' dir='ltr'>enm</span> <span class='ocrx_word' id='word_1_352' title='bbox 788 4399 1025 4463; x_wconf 73' lang='lat' dir='ltr'>quinquennium</span> <span class='ocrx_word' id='word_1_353' title='bbox 1052 4415 1067 4486; x_wconf 83' lang='lat'>&#39;.</span> <span class='ocrx_word' id='word_1_354' title='bbox 1088 4399 1230 4444; x_wconf 82' lang='lat' dir='ltr'>rnrsncss</span> <span class='ocrx_word' id='word_1_355' title='bbox 1246 4390 1323 4442; x_wconf 73' lang='lat' dir='ltr'>siun</span> 
     </span>
     <span class='ocr_line' id='line_1_39' title="bbox 867 4486 1257 4545; baseline 0.003 -15"><span class='ocrx_word' id='word_1_356' title='bbox 867 4490 892 4533; x_wconf 90' lang='lat' dir='ltr'>lS</span> <span class='ocrx_word' id='word_1_357' title='bbox 904 4508 912 4522; x_wconf 93' lang='lat'><strong>·</strong></span> <span class='ocrx_word' id='word_1_358' title='bbox 924 4490 979 4545; x_wconf 78' lang='lat' dir='ltr'>er</span> <span class='ocrx_word' id='word_1_359' title='bbox 996 4502 1003 4517; x_wconf 94' lang='lat'><strong>·</strong></span> <span class='ocrx_word' id='word_1_360' title='bbox 1019 4488 1079 4531; x_wconf 81' lang='lat' dir='ltr'>PRO</span> <span class='ocrx_word' id='word_1_361' title='bbox 1096 4501 1103 4516; x_wconf 92' lang='grc'>·</span> <span class='ocrx_word' id='word_1_362' title='bbox 1121 4486 1257 4531; x_wconf 74' lang='lat' dir='ltr'>consvle</span> 
     </span>
    </p>
   </div>
   <div class='ocr_carea' id='block_1_9' title="bbox 558 4520 1434 4836">
    <p class='ocr_par' dir='ltr' id='par_1_10' title="bbox 558 4520 1434 4836">
     <span class='ocr_line' id='line_1_40' title="bbox 650 4520 1434 4836; baseline 0 -219"><span class='ocrx_word' id='word_1_363' title='bbox 650 4583 685 4617; x_wconf 77' lang='grc' dir='ltr'>ου</span> <span class='ocrx_word' id='word_1_364' title='bbox 701 4571 805 4618; x_wconf 71' lang='lat' dir='ltr'>sanatas</span> <span class='ocrx_word' id='word_1_365' title='bbox 822 4581 896 4620; x_wconf 69' lang='lat' dir='ltr'>aanor</span> <span class='ocrx_word' id='word_1_366' title='bbox 908 4557 978 4619; x_wconf 75' lang='grc' dir='ltr'>οιτὸ</span> <span class='ocrx_word' id='word_1_367' title='bbox 990 4587 999 4605; x_wconf 92' lang='lat'><strong>·</strong></span> <span class='ocrx_word' id='word_1_368' title='bbox 1012 4555 1095 4617; x_wconf 77' lang='lat' dir='ltr'>vdra</span> <span class='ocrx_word' id='word_1_369' title='bbox 1111 4587 1119 4603; x_wconf 94' lang='lat'><strong>·</strong></span> <span class='ocrx_word' id='word_1_370' title='bbox 1134 4573 1188 4616; x_wconf 78' lang='lat' dir='ltr'>aaa</span> <span class='ocrx_word' id='word_1_371' title='bbox 1200 4584 1208 4602; x_wconf 92' lang='lat'><strong>·</strong></span> <span class='ocrx_word' id='word_1_372' title='bbox 1221 4520 1434 4836; x_wconf 22' lang='lat' dir='ltr'>consurges&amp;</span> 
     </span>
     <span class='ocr_line' id='line_1_41' title="bbox 558 4637 1405 4724; baseline -0.006 -19"><span class='ocrx_word' id='word_1_373' title='bbox 558 4652 573 4700; x_wconf 83' lang='lat'>⁵</span> <span class='ocrx_word' id='word_1_374' title='bbox 754 4655 1025 4724; x_wconf 66' lang='lat' dir='ltr'>aerisonunrnaqve</span> <span class='ocrx_word' id='word_1_375' title='bbox 1047 4671 1054 4685; x_wconf 93' lang='lat'><em>·</em></span> <span class='ocrx_word' id='word_1_376' title='bbox 1082 4637 1255 4708; x_wconf 79' lang='lat' dir='ltr'>tvxenvnrl</span> <span class='ocrx_word' id='word_1_377' title='bbox 1274 4674 1281 4689; x_wconf 95' lang='lat'><strong>·</strong></span> <span class='ocrx_word' id='word_1_378' title='bbox 1297 4660 1405 4703; x_wconf 83' lang='lat' dir='ltr'>nonor</span> 
     </span>
    </p>
   </div>
   <div class='ocr_carea' id='block_1_10' title="bbox 908 4688 1420 4920">
    <p class='ocr_par' dir='ltr' id='par_1_11' title="bbox 908 4688 1420 4920">
     <span class='ocr_line' id='line_1_42' title="bbox 908 4688 1420 4913; baseline -0.002 -124"><span class='ocrx_word' id='word_1_379' title='bbox 908 4688 1070 4913; x_wconf 18' lang='lat' dir='ltr'>&amp;nepam</span> <span class='ocrx_word' id='word_1_380' title='bbox 1095 4758 1104 4776; x_wconf 92' lang='lat'><strong>·</strong></span> <span class='ocrx_word' id='word_1_381' title='bbox 1131 4727 1250 4788; x_wconf 82' lang='lat' dir='ltr'>rnrsanl</span> <span class='ocrx_word' id='word_1_382' title='bbox 1278 4759 1285 4775; x_wconf 88' lang='lat'>·</span> <span class='ocrx_word' id='word_1_383' title='bbox 1309 4744 1420 4789; x_wconf 72' lang='lat' dir='ltr'>sonans</span> 
     </span>
     <span class='ocr_line' id='line_1_43' title="bbox 963 4809 1371 4907; baseline -0.012 -30"><span class='ocrx_word' id='word_1_384' title='bbox 963 4814 1066 4877; x_wconf 65' lang='lat' dir='ltr'>teslvs</span> <span class='ocrx_word' id='word_1_385' title='bbox 1093 4843 1101 4861; x_wconf 93' lang='lat'><strong>·</strong></span> <span class='ocrx_word' id='word_1_386' title='bbox 1129 4831 1164 4874; x_wconf 82' lang='lat' dir='ltr'>ar</span> <span class='ocrx_word' id='word_1_387' title='bbox 1190 4843 1197 4858; x_wconf 95' lang='lat'><strong>·</strong></span> <span class='ocrx_word' id='word_1_388' title='bbox 1224 4809 1371 4907; x_wconf 55' lang='lat' dir='ltr'>Qvnnnb)</span> 
     </span>
     <span class='ocr_line' id='line_1_44' title="bbox 1058 4895 1363 4920; baseline -0.003 1"><span class='ocrx_word' id='word_1_389' title='bbox 1058 4895 1363 4920; x_wconf 41' lang='grc' dir='ltr'>-ἈἏΔ</span> 
     </span>
    </p>
   </div>
   <div class='ocr_carea' id='block_1_11' title="bbox 0 0 1929 5584">
    <p class='ocr_par' dir='ltr' id='par_1_12' title="bbox 0 0 1929 5584">
     <span class='ocr_line' id='line_1_45' title="bbox 0 0 1929 5584; baseline 0 0"><span class='ocrx_word' id='word_1_390' title='bbox 0 0 1929 5584; x_wconf 95' lang='lat' dir='ltr'> </span> 
     </span>
    </p>
   </div>
  </div>
 </body>
</html>
