3798 5584
318 352 362 415 40
912 343 950 410 11,
971 345 1076 400 12-1s

317 529 357 591 ita
387 527 553 601 transtulit,
583 535 618 588 ut
638 528 850 609 τετρακοσίας
872 525 1033 600 omitteret,
1064 536 1214 607 praeterea
1236 525 1416 607 myriadibus
1438 535 1562 589 centena
1584 527 1671 600 milia,

319 633 439 695 milibus
466 633 540 693 dens
568 630 647 692 milia
676 630 882 704 substitueret,
913 629 1070 692 Armenius
1097 639 1200 693 oonba
1226 630 1271 691 rel
1293 629 1400 692 codicis
1423 630 1459 692 ab
1481 649 1517 691 eo
1540 630 1672 710 usurpati

319 735 476 797 Eusebiani
490 733 626 796 librarius
648 752 701 814 pro
724 736 882 813 nonaginta
905 733 1084 814 myriadibus
1107 742 1137 795 et
1159 742 1271 814 septem
1296 733 1413 795 milibus
1436 733 1516 795 dedit
1536 752 1673 814 peruerse

318 818 461 919 mpriades
492 859 547 901 rur
568 846 678 899 mutum
700 847 726 898 et
748 859 816 898 ηνη
836 837 1000 918 similisque
1027 857 1109 900 error
1136 837 1334 899 Eusebianunr
1364 837 1493 900 codicem
1521 837 1673 918 occupavit

320 941 484 1006 adhibitum
507 961 524 1004 a
545 941 695 1003 communi
717 949 836 1004 auctore
859 941 966 1004 Suidae
989 951 1019 1004 et
1041 941 1176 1022 Syncelli.

382 1246 446 1289 uir.
464 1227 493 1301 2,
509 1245 536 1288 ra
565 1229 570 1303 Ι
593 1225 720 1304 Legibus
750 1225 842 1304 novis
871 1225 938 1287 latis
963 1226 1112 1306 eornpiura
1141 1226 1282 1307 elxempla
1309 1227 1452 1288 maiorum
1482 1226 1675 1288 exolescentis

508 1349 535 1392 n
565 1333 570 1407 Ι
593 1329 650 1392 iam
677 1350 713 1391 ex
740 1331 852 1407 nostlro
878 1350 935 1392 usu
955 1332 1062 1392 reduci
1080 1339 1107 1392 et
1128 1333 1196 1410 epse]
1218 1331 1378 1393 multarum
1401 1331 1674 1410 ri1·[umerae]nrpla

509 1451 535 1494 u
562 1434 712 1516 iutiltanda
734 1436 866 1514 pos[teris
889 1435 1015 1511 tradidit.

383 1557 429 1600 an.
446 1541 475 1614 5,
492 1559 531 1601 aa
558 1535 754 1614 Eioayayoir
782 1534 925 1618 uueirarig
952 1533 1072 1619 νόμους
1098 1535 1207 1601 πολλὰ
1233 1534 1295 1621 ἤδη
1321 1537 1387 1601 τῶν
1414 1532 1563 1618 ἀρχαίων
1583 1537 1676 1602 ἐθῶν

490 1663 530 1704 sa
560 1637 795 1723 καΙταλοόμενα
823 1637 1073 1724 διωρθωσάμην
1095 1641 1151 1702 καὶ
1173 1637 1272 1714 αὐτὸς
1295 1640 1428 1705 πολλῶν
1447 1642 1452 1726 Ι
1472 1639 1676 1726 πραγμάτων

518 1766 530 1807 r
562 1749 711 1828 peipppa
734 1743 876 1826 ἐμαυτὸν
896 1752 967 1818 τοῖς
987 1743 1174 1826 parietariam
1197 1744 1382 1829 παρέδωκα.
1402 1744 1408 1826 Ι

320 1876 404 1939 Hune
425 1896 543 1957 quoque
565 1878 662 1939 locurn
679 1897 695 1938 a
711 1874 858 1957 prioribus
879 1894 939 1937 non
961 1876 1033 1938 satis
1053 1887 1239 1958 perspectum
1263 1877 1393 1958 primurn
1420 1878 1556 1958 patefecit
1582 1877 1675 1939 versio

320 1982 437 2054 Graeca,
460 1999 638 2061 quamquam
664 1983 807 2062 interpres
829 1980 901 2043 baec
923 2000 981 2043 ηοω
1005 1982 1100 2044 solum
1124 1981 1244 2044 liberius
1266 1981 1392 2043 reddidit
1413 2001 1501 2061 quant
1518 1983 1601 2056 solet,
1624 1983 1676 2044 sed

320 2085 407 2146 etiarn
430 2084 604 2146 vocabulum
627 2089 685 2146 iam
708 2085 782 2146 male
804 2104 865 2146 non
887 2086 922 2147 ad
945 2085 1130 2149 emoleseentia
1153 2085 1249 2154 traxit,
1273 2087 1323 2147 sed
1346 2085 1382 2146 ad
1405 2087 1591 2148 enuntiatum
1607 2087 1677 2149 uni-

321 2207 447 2250 versum.
491 2187 525 2249 ln
548 2187 659 2250 Latinis
686 2206 754 2249 cum
784 2208 810 2249 r.
835 2188 873 2249 12
903 2187 1044 2269 perierint
1070 2189 1213 2251 elementa
1236 2209 1282 2264 xv,
1305 2209 1331 2249 v.
1351 2189 1388 2250 13
1412 2188 1442 2248 in
1470 2188 1551 2250 biatu
1579 2189 1677 2269 priore

320 2312 376 2366 rvr,
400 2291 603 2373 supplementa
625 2289 661 2352 ad
684 2291 738 2352 hos
760 2310 901 2353 numeros
923 2293 1062 2366 lormavi,
1092 2311 1160 2355 curn
1183 2300 1266 2354 antea
1289 2293 1435 2355 dedissem
1458 2293 1567 2354 reduci
1586 2295 1678 2356 metito

321 2396 425 2474 (multa
446 2399 580 2457 revocavi
592 2395 746 2474 Rergltius)
761 2397 898 2476 exempla·
908 2415 945 2457 ru.
961 2415 1007 2457 eu.
1023 2399 1082 2457 iam
1097 2415 1134 2458 ea
1147 2408 1249 2459 nostra
1262 2400 1379 2459 ciuitate.
1414 2395 1524 2458 Deinde
1539 2415 1607 2458 cum
1623 2415 1678 2476 ego

321 2499 533 2579 supplevissem
557 2510 582 2560 et
604 2503 663 2580 ipse
688 2504 827 2580 proposui
920 2501 1050 2580 posteris,
1074 2499 1215 2580 Bergkius
1237 2512 1263 2563 et
1285 2505 1341 2580 ipse
1365 2501 1398 2562 de
1419 2519 1464 2562 nte
1556 2504 1678 2579 posteras

322 2603 437 2675 tradidi,
459 2601 518 2662 iarn
541 2602 597 2663 boc
618 2601 715 2681 recepi
731 2603 847 2665 Graecis
871 2603 962 2682 magis
982 2605 1245 2678 accommodatum,
1268 2623 1428 2684 suppresso
1449 2611 1548 2664 tamen
1564 2601 1677 2664 addita-

323 2713 422 2768 mento
451 2704 605 2767 arbitrario
632 2707 666 2767 de
686 2724 740 2766 me.
784 2705 817 2767 ln
840 2707 897 2768 fine
920 2727 946 2767 v.
964 2708 1003 2767 14
1026 2707 1166 2770 deliciunt
1187 2709 1331 2770 elementa
1353 2726 1412 2768 ηοη
1434 2707 1501 2787 plus
1523 2725 1590 2780 xvir,
1613 2709 1678 2768 tor-

322 2817 399 2872 tasse
421 2807 530 2871 minus.

420 2914 572 2992 Augustus
600 2913 630 2974 in
653 2932 685 2974 re
707 2912 823 2992 publica
846 2914 1028 2976 restituenda
1050 2921 1117 2975 ante
1140 2915 1238 2976 omnia
1260 2915 1317 2976 boc
1338 2915 1399 2976 sive
1421 2921 1541 2977 secutus
1556 2914 1680 2976 estsine

322 3025 402 3080 certe
423 3036 492 3098 prae
516 3035 547 3078 se
571 3015 638 3078 tulit
659 3025 832 3096 corruptum
856 3037 958 3079 aevum
982 3017 1179 3079 revocandum
1202 3039 1267 3080 esse
1281 3019 1317 3081 ad
1333 3018 1470 3098 antiquos
1485 3037 1597 3092 mores3
1619 3037 1678 3098 qua

323 3123 359 3183 de
385 3140 416 3182 re
439 3119 565 3182 sufficiet
587 3119 751 3182 laudavisse
773 3121 852 3182 locos
876 3121 1010 3183 Suetonii
1032 3121 1107 3183 duos
1129 3140 1154 3182 c.
1178 3121 1232 3182 34:
1261 3121 1333 3200 tepea
1353 3127 1521 3184 retractauit
1542 3133 1568 3184 et
1589 3141 1680 3202 puae-

325 3226 391 3286 dam
418 3243 456 3285 ear
485 3227 595 3303 intepro
623 3227 733 3296 adami,
760 3233 793 3284 ut
818 3227 1041 3304 sumptuariam,
1072 3226 1117 3303 [et]
1140 3224 1173 3286 de
1196 3223 1389 3286 taatrennu
1412 3227 1445 3287 de
1463 3227 1615 3305 pudicitia,
1645 3227 1680 3288 de

322 3328 446 3398 ambitu,
473 3328 507 3390 de
535 3328 706 3388 maritandis
735 3328 896 3402 ordiatium
923 3327 994 3389 item
1017 3347 1042 3389 c.
1059 3326 1113 3389 89:
1142 3331 1174 3389 iu
1199 3327 1360 3389 evolvendis
1390 3332 1535 3410 ruurupue
1563 3329 1681 3409 liupuae

323 3431 487 3495 auctoribus
513 3430 585 3492 nibil
612 3449 698 3512 aeque
719 3432 881 3494 sectabatur
903 3452 989 3513 quam
1008 3443 1160 3513 praecepta
1183 3443 1208 3494 et
1230 3429 1361 3510 enempla
1379 3432 1490 3511 publice
1512 3433 1558 3495 oei
1575 3437 1681 3512 priua·

324 3542 373 3600 tim
400 3535 531 3598 salubria
558 3553 644 3618 eaque
673 3536 711 3596 ad
737 3536 852 3596 autum
883 3546 1018 3615 excerpta
1043 3545 1094 3597 aut
1123 3536 1162 3596 ad
1185 3537 1348 3597 domesticos
1370 3545 1421 3596 aut
1441 3535 1480 3596 ad
1500 3541 1681 3598 mocianum

319 3643 590 3722 proomciarumpue
618 3650 741 3701 rectores
769 3649 819 3701 aut
845 3639 884 3701 ad
910 3641 989 3702 urbr's
1018 3643 1203 3718 mapr'stratus
1226 3639 1396 3720 plerumque
1426 3640 1567 3712 mittebat,
1592 3652 1681 3719 praru

324 3748 424 3826 quique
449 3746 601 3805 manatione
628 3744 797 3822 iudiperent:
832 3747 917 3806 etiam
949 3743 1035 3805 libros
1069 3753 1141 3804 tatas
1176 3751 1202 3804 et
1228 3745 1342 3802 senoreti
1366 3746 1495 3804 recitauit
1524 3753 1550 3804 et
1573 3742 1681 3822 populo

323 3827 477 3927 notas'per
497 3848 619 3909 edictum
640 3864 721 3926 saepe
741 3849 823 3926 seed,
852 3857 883 3907 ut
904 3851 1047 3908 orationes
1071 3847 1105 3919 Q.
1122 3844 1230 3907 Metelli
1251 3846 1284 3906 de
1303 3845 1386 3924 prole
1404 3846 1535 3926 aupenda
1548 3847 1599 3925 (cl.
1615 3845 1680 3907 Liv.

325 3952 393 4032 epit.
410 3951 468 4025 593
491 3950 600 4012 Gellius
626 3952 653 4024 1,
677 3950 708 4027 6)
736 3959 763 4011 et
784 3950 889 4012 Rutilii
914 3951 948 4012 de
969 3951 1051 4011 mado
1073 3949 1283 4029 aedificiorum,
1307 3967 1361 4029 pua
1384 3953 1475 4029 nopes
1491 3949 1682 4028 persuaderet

325 4068 478 4138 utramque
499 4074 563 4118 rem
584 4071 643 4116 non
663 4054 699 4116 ab
714 4073 742 4116 se
754 4057 848 4134 prima
865 4054 1106 4124 animaduersam,
1128 4053 1176 4114 sed
1190 4055 1313 4133 antibuis
1327 4057 1385 4114 iam
1400 4064 1467 4116 tuuc
1482 4071 1568 4116 curae
1581 4056 1681 4133 subse.

873 4305 1048 4382 CAPvu
1074 4303 1136 4380 lX

389 4489 454 4535 uir.
469 4470 498 4544 2,
516 4491 540 4533 ts
570 4471 575 4546 Ι
590 4469 672 4548 [Vota
683 4487 739 4550 pro
750 4471 912 4532 ualetudine
925 4489 988 4531 mea
1001 4471 1107 4551 europi
1116 4487 1170 4549 per
1185 4467 1324 4546 mmlulds
1339 4475 1369 4528 et
1384 4467 1549 4530 sacerdotes
1561 4470 1682 4560 quitata]

517 4594 543 4636 re
571 4578 576 4652 Ι
602 4575 719 4656 qumque
749 4591 825 4635 auno
855 4583 969 4636 senatus
997 4575 1124 4636 deuouit.
1173 4573 1220 4635 lia
1244 4575 1286 4650 iis]
1316 4573 1392 4633 votis
1421 4574 1525 4656 siaelpe
1547 4575 1685 4635 lecerunt

516 4699 541 4743 u
570 4677 634 4738 vivo
664 4675 669 4759 Ι
698 4697 744 4741 me
777 4677 867 4756 [iudos
903 4677 1072 4758 aliquotiens
1103 4677 1292 4754 sacerdotalia
1326 4684 1467 4755 quattuor
1499 4674 1683 4756 amplissima

517 4799 543 4845 ts
572 4779 720 4863 collslipia,
744 4780 910 4864 aliquotiens
932 4779 1078 4858 cumulesl.
