3796 5588
327 447 448 504 XXXVI

427 628 527 709 Ipsum
551 648 626 710 opus
648 627 691 690 sic
711 627 838 691 institui.

426 733 448 794 1.
471 732 606 796 Primum
628 735 763 796 recensui
779 734 945 816 exemplum
961 734 1099 797 Latinum
1114 736 1212 815 ipsum
1228 735 1370 816 scriptum
1386 737 1540 800 emendate
1554 749 1585 801 et
1598 739 1683 819 quale

327 836 374 897 vix
396 847 580 918 expectasses
595 838 626 900 in
642 837 790 918 prouincia
806 848 836 900 et
850 838 1008 919 longinqua
1023 848 1053 900 et
1067 840 1191 914 Graeca3
1214 839 1324 900 scribae
1340 840 1553 919 quadratariive
1568 861 1682 904 errores

326 941 517 1005 inveniuntur
539 943 570 1004 hi
592 946 667 1004 lere:
691 942 756 1016 Η
779 954 805 1004 et
828 942 903 1004 male
925 942 1070 1004 insertum
1090 978 1131 986 -
1152 944 1181 1016 4,
1197 942 1238 1002 22
1258 943 1328 1005 cede
1350 960 1404 1022 pro
1427 945 1524 1006 oedem
1538 977 1581 988 -
1596 947 1625 1016 4,
1641 945 1679 1006 31

326 1051 483 1128 quinquiens
504 1067 557 1129 pro
580 1051 746 1130 quinquiens
760 1081 801 1091 -
817 1047 846 1120 4,
863 1046 903 1106 45
926 1045 1041 1108 ducenti
1060 1065 1114 1126 pro
1137 1046 1269 1108 ducentos
1287 1079 1331 1096 ’-
1354 1047 1382 1119 5,
1401 1047 1436 1106 11
1452 1049 1612 1126 prooieiols]
1628 1067 1681 1129 pro

322 1155 494 1231 prouincias.
538 1150 570 1212 ln
598 1161 701 1232 ectypo
728 1168 870 1231 gypsaceo
899 1159 1011 1223 nostro,
1039 1150 1075 1213 ad
1101 1151 1181 1230 quod
1203 1149 1390 1231 potissimum
1414 1135 1516 1212 Latina
1538 1152 1681 1225 recensui,

325 1275 401 1334 quae
423 1274 482 1316 non
505 1256 643 1334 leguntur
664 1264 716 1315 aut
736 1252 842 1315 litteris
864 1252 905 1314 ita
927 1252 1057 1314 enanidls
1087 1253 1180 1327 lactis,
1211 1261 1245 1314 ut
1272 1252 1415 1332 quaedam
1437 1272 1539 1316 earum
1562 1254 1682 1334 vestigia

325 1359 550 1440 deprehenderit
576 1357 826 1418 Domaszewskius
853 1357 930 1434 (vide
957 1377 986 1437 p.
1002 1357 1118 1436 xxvrn),
1146 1367 1197 1419 aut
1225 1374 1371 1418 marmore
1398 1357 1485 1420 hodie
1512 1357 1680 1431 imminuto,

324 1462 354 1524 id
381 1463 459 1543 quod
486 1462 620 1542 peruenit
645 1462 681 1522 ad
709 1462 738 1535 5,
754 1459 892 1522 34-54
913 1479 929 1521 a
953 1460 1045 1535 Luca,
1072 1460 1256 1540 aliquatenus
1283 1460 1371 1523 etiam
1399 1462 1578 1534 adossono‚
1600 1471 1630 1524 et
1652 1462 1680 1536 6,

327 1566 418 1628 1-6
446 1566 481 1628 ab
511 1573 629 1628 auctore
651 1563 795 1626 Chishulli
821 1563 899 1644 (vide
922 1583 1009 1645 supra
1032 1585 1059 1646 p.
1076 1568 1154 1644 xxiv)
1181 1563 1295 1643 plenius
1318 1565 1423 1639 lectos,
1453 1565 1588 1627 distincta
1612 1573 1682 1627 sunt

323 1669 429 1731 litteris
446 1669 618 1731 minoribus.
635 1703 676 1712 -
691 1667 835 1730 Vocabula
850 1686 918 1730 cum
934 1687 971 1730 ex
986 1687 1042 1731 usu
1057 1667 1161 1730 Latino
1177 1667 1295 1748 punctis
1311 1679 1493 1750 separentur,
1508 1669 1549 1732 ihi
1564 1688 1682 1751 quoque

324 1771 375 1833 uhi
397 1781 504 1853 puncta
527 1781 579 1834 aut
601 1772 708 1834 omissa
733 1779 804 1832 sunt
825 1771 947 1834 oonsilio
971 1777 1017 1845 (ut
1031 1791 1117 1854 saepe
1132 1782 1200 1834 ante
1216 1771 1445 1853 praepositiones
1462 1773 1621 1852 encliticas)
1637 1774 1681 1835 vel

324 1895 393 1938 casu
415 1876 457 1955 (id
480 1877 558 1956 quod
581 1895 647 1938 raro
662 1873 781 1953 evenit),
797 1883 848 1936 aut
863 1883 1054 1947 evanuerunt,
1078 1875 1197 1937 solitum
1213 1873 1404 1936 interstitium
1420 1875 1605 1939 admisimus.
1637 1877 1682 1938 hh

323 1979 403 2041 hisce
426 1979 591 2041 interstitiis
620 1989 653 2042 ut
682 1979 903 2058 distinguantur
929 1987 988 2040 tam
1023 1977 1115 2060 spatia
1149 1976 1257 2039 maiora
1291 1979 1426 2041 consulto
1459 1999 1548 2043 vacua
1581 1981 1682 2043 relicta

323 2103 412 2164 quam
435 2083 542 2158 hiatus,
564 2083 595 2144 in
617 2081 675 2145 illis
698 2084 849 2145 elicuimus
871 2091 923 2145 aut
944 2083 1008 2163 ipso
1028 2081 1142 2143 ambitu
1164 2090 1215 2142 aut
1235 2080 1421 2144 adnotatione
1436 2083 1561 2159 adiecta;
1583 2083 1682 2146 hiatus

323 2187 452 2248 minores
475 2187 569 2248 solitis
591 2186 712 2266 virgulis
733 2187 911 2262 indicantur,
934 2186 1061 2248 maiores
1083 2183 1265 2267 interpositis
1280 2184 1446 2246 litterarum
1462 2185 1680 2267 deperditarum

322 2292 457 2352 numeris
478 2289 619 2352 Arabicis.
643 2323 686 2334 -
707 2289 858 2352 Elementa
880 2309 941 2352 non
962 2289 1075 2369 integra
1098 2287 1148 2350 uhi
1170 2287 1364 2351 nihilominus
1390 2297 1470 2351 certa
1497 2299 1576 2364 sunt,
1603 2298 1681 2350 um-

322 2412 411 2473 qnam
435 2393 547 2473 integra
569 2390 758 2474 superessent
779 2402 1050 2474 repraesentantur3
1073 2391 1123 2453 ubi
1142 2391 1182 2453 ita
1198 2392 1315 2454 ellracta
1331 2401 1410 2466 sunt,
1433 2402 1467 2455 ut
1481 2394 1560 2472 quod
1575 2411 1681 2473 super-

322 2506 368 2560 est
389 2496 543 2577 vestigium
567 2497 602 2558 ad
625 2497 738 2560 diversa
760 2497 904 2559 elementa
925 2495 1028 2558 referri
1050 2496 1153 2576 possit,
1175 2495 1205 2558 id
1220 2495 1316 2576 ipsum
1333 2505 1479 2576 quantum
1501 2496 1565 2557 lieri
1584 2495 1682 2577 potuit

322 2599 399 2681 typis
432 2600 704 2681 expressimus.'—
732 2600 835 2662 Hiatus
862 2599 1114 2661 Domaszewsluius
1141 2597 1293 2661 dimensus
1320 2599 1355 2661 ad
1383 2609 1520 2680 ectypum
1547 2608 1621 2680 quot
1648 2599 1679 2661 in

320 2704 444 2784 singulis
467 2705 610 2766 elementa
624 2704 778 2766 videantur
800 2704 922 2785 periisse
938 2703 1039 2765 sedulo
1062 2703 1220 2776 adnotavit,
1243 2702 1404 2784 spatiorum
1427 2705 1549 2778 ratione,
1573 2714 1608 2767 ut
1627 2722 1681 2785 par

320 2817 391 2882 eret,
413 2809 512 2871 hahita
535 2809 596 2870 sola
618 2827 714 2889 neque
737 2808 896 2890 respiciens
919 2808 954 2870 ad
975 2808 1179 2888 supplementa
1194 2825 1248 2887 per
1262 2815 1469 2888 argumentum
1485 2807 1678 2889 suppeditata.

319 2909 379 2972 Nec
405 2920 504 2974 umen
532 2911 677 2974 eiusmodi
699 2912 801 2994 spatiis
828 2931 988 2975 numerum
1018 2911 1181 2974 litterarum
1211 2910 1428 2991 deperditarum
1455 2921 1535 2974 certo
1565 2910 1679 2973 deliniri

318 3033 518 3095 numerosque
540 3034 557 3077 a
579 3014 665 3076 nohis
686 3014 852 3097 propositos
873 3034 970 3096 neque
991 3015 1186 3094 neglegendos
1209 3033 1273 3076 esse
1295 3031 1392 3094 neque
1413 3015 1498 3078 anxie
1513 3015 1678 3096 sequendos

319 3137 407 3199 supra
430 3119 471 3200 (p.
487 3119 548 3196 rvr)
571 3119 752 3180 monuimus.
780 3119 863 3180 -Α
890 3118 1102 3200 supplementis
1128 3118 1160 3180 iu
1187 3117 1241 3179 hac
1267 3117 1386 3198 quidem
1420 3119 1591 3181 recensione
1624 3119 1678 3180 ah·

319 3222 427 3297 sunui;
450 3222 561 3284 subieci
582 3231 680 3286 autem
703 3222 847 3301 integram
870 3222 1040 3284 varietatem
1063 3221 1264 3303 exemplorum
1281 3240 1407 3302 quorum
1423 3222 1507 3302 copia
1523 3222 1596 3283 milri
1612 3221 1677 3295 luit,

318 3325 376 3386 nisi
402 3325 480 3406 quod
504 3323 701 3405 Bushequiani
729 3342 817 3404 supra
839 3344 868 3404 p.
892 3343 1054 3386 rix-xxm
1081 3324 1292 3405 repraesentati
1318 3323 1367 3386 hic
1395 3343 1455 3386 non
1485 3325 1590 3387 admisi
1619 3324 1677 3386 nisi

317 3426 423 3489 selecta
445 3428 604 3509 quaedam3
626 3446 722 3508 neque
742 3425 793 3488 ubi
808 3427 937 3507 reliquos
952 3437 1043 3490 testes
1058 3428 1181 3508 appello,
1204 3427 1466 3508 comprehenditur
1481 3426 1676 3507 anheqnius.

316 3530 559 3612 hpographorum
582 3530 729 3593 varietatis
750 3547 811 3590 nou
832 3529 935 3608 ignoro
958 3539 988 3590 et
1011 3529 1137 3592 taedium
1153 3528 1256 3609 ingens
1279 3538 1395 3591 esseut
1418 3528 1573 3592 utilitatem
1589 3529 1677 3591 hodie

317 3633 465 3713 exiguam,
489 3634 701 3715 displicentque
724 3632 845 3694 omnino
867 3631 918 3712 qui
940 3631 1116 3713 obstrepunt
1137 3631 1258 3694 auribus
1280 3632 1391 3695 nostris
1413 3633 1587 3695 mendarum
1605 3650 1677 3694 con-

315 3737 490 3800 clamatione
522 3758 558 3800 ex
590 3738 655 3818 ipso
687 3737 843 3817 archetypo
876 3735 1000 3797 lectione
1033 3734 1193 3796 curiosiore
1226 3735 1423 3812 sublatarum,
1461 3737 1541 3817 quod
1582 3754 1675 3816 genus

315 3860 451 3904 errorum
482 3842 617 3923 equidem
641 3859 746 3904 censeo
768 3839 799 3901 in
827 3839 1000 3901 universum
1027 3839 1202 3901 tradendum
1231 3857 1295 3901 esse
1319 3841 1423 3902 tacitae
1445 3838 1585 3902 oblivioni
1606 3855 1677 3919 per-

316 3945 470 4026 petuisque
499 3944 637 4007 tenebris.
682 3944 720 4006 ht
749 3943 892 4024 quaedam
922 3943 1000 4006 inter
1025 3943 1122 4024 paleas
1151 3943 1202 4004 has
1232 3943 1421 4024 reperiuntur
1445 3943 1540 4024 frugis
1573 3943 1676 4016 honae,

316 4048 427 4110 scilicet
448 4049 508 4110 duo
530 4048 595 4124 loci,
619 4049 655 4110 de
677 4047 786 4128 quihus
809 4047 896 4108 modo
917 4046 986 4121 dixi,
1010 4045 1125 4127 plenius
1140 4046 1209 4108 lecti
1223 4064 1238 4107 a
1254 4046 1419 4128 prioribus3
1442 4065 1511 4108 nam
1527 4055 1676 4126 praeterea

314 4151 471 4214 lectionem
499 4152 679 4215 constituere
700 4151 852 4233 potuimus
875 4160 927 4214 aut
948 4150 983 4213 ad
1007 4159 1143 4231 ectypum
1166 4158 1218 4212 aut
1239 4150 1275 4212 ad
1291 4150 1458 4232 exemplum
1474 4149 1676 4211 llomaseews·

314 4253 445 4329 manum,
469 4263 498 4318 et
519 4273 698 4336 quamquam
722 4257 847 4316 sortasse
869 4254 957 4316 etiam
981 4262 1097 4334 praeter
1119 4252 1193 4314 dnos
1214 4251 1269 4314 hos
1291 4253 1371 4315 locos
1386 4253 1520 4334 priunum
1536 4252 1613 4315 oculi
1628 4253 1676 4314 hic

313 4356 373 4418 illic
395 4359 575 4421 elementum
598 4360 737 4422 viderunt
752 4360 830 4439 quod
847 4357 934 4420 hodie
949 4357 1109 4432 evanuerit,
1132 4355 1214 4418 utilia
1230 4355 1375 4419 eiusmodi
1391 4356 1471 4418 nulla
1487 4355 1674 4418 ollendimus.

315 4461 372 4523 Sed
396 4462 475 4541 quod
495 4461 677 4524 intolerabile
700 4464 775 4524 toret
796 4462 828 4524 in
851 4462 945 4525 titulis
967 4461 1087 4544 plebeiis
1109 4479 1164 4522 nec
1182 4459 1241 4522 uisi
1263 4478 1422 4523 numerum
1438 4459 1622 4534 iacientibus,
1645 4459 1674 4520 id

313 4574 365 4627 aut
393 4565 510 4627 delendi
536 4575 634 4646 potest
657 4574 708 4628 aut
730 4575 808 4628 certe
831 4564 901 4627 lerri
922 4565 954 4626 in
976 4571 1172 4626 monumento
1195 4571 1292 4625 tanne
1314 4563 1496 4626 auctoritatis
1519 4571 1674 4643 tantaeque

313 4668 483 4732 nobilitatis.
520 4670 598 4744 Quid
618 4670 696 4750 qnod
712 4677 809 4749 potest
831 4669 987 4750 aliquando
1010 4666 1121 4748 quaeri,
1144 4666 1175 4728 in
1197 4667 1255 4728 hoc
1275 4676 1470 4729 monumento
1492 4666 1563 4746 quid
1578 4666 1673 4746 legere

313 4772 465 4852 potuerint
486 4773 604 4856 Lipsius
631 4783 663 4836 et
683 4771 871 4836 Niebuhrius.
915 4772 1011 4845 Quam
1041 4768 1079 4832 oh
1101 4787 1163 4832 rem
1188 4769 1351 4852 scripturae
1372 4770 1541 4832 uarietatem
1564 4769 1596 4831 in
1619 4769 1674 4830 hac

312 4895 430 4956 quoque
452 4877 580 4940 editione
602 4877 747 4958 integram
770 4875 877 4938 addidi.
