3812 5580
826 447 875 514 VI,
897 448 963 502 1-3
1510 447 1572 512 139

218 625 435 710 πρεσβεύσεσι
468 627 522 689 καὶ
558 620 759 709 θεραπείαις
786 623 1108 709 κατασκευασάμενοι
1137 625 1195 710 τὴν
1224 623 1307 706 πρὸς
1338 628 1493 705 Καίσαρα
1518 623 1575 688 τὸν

217 729 385 813 Σεβαστὸν
407 729 525 814 φιλίαν
547 725 748 813 ἀναθήματά
767 753 801 792 τε
821 727 992 812 ἀνέθηκαν
1014 728 1050 792 ἒν
1071 730 1116 814 τῷ
1143 727 1346 812 Καπιτωλίῳ
1369 729 1425 790 καὶ
1449 729 1575 792 οἰκείαν

218 829 336 913 σχεδόν
363 859 395 897 τι
418 830 668 917 παρεσκεύασαν
696 843 766 906 τοῖς
786 829 959 915 Ῥωμαίοις
989 827 1069 916 ὅλην
1089 831 1148 916 τήν
1170 829 1278 917 νῆσον,
1302 832 1449 894 disserens
1472 832 1575 895 deinde

218 941 253 1001 dc
276 939 386 1012 causis,
413 958 467 1000 cur
488 939 582 1000 insula
606 956 664 999 non
687 937 716 997 in
740 935 903 1017 provinciae
925 939 1050 998 sormam
1074 936 1230 1016 redigatur.
1253 971 1295 981 —
1317 935 1449 998 Duorum
1473 955 1574 1016 regum

218 1043 437 1115 Britannorum,
464 1061 538 1122 quos
560 1042 695 1122 princeps
711 1041 751 1102 ait
766 1040 912 1122 supplices
927 1042 962 1102 ad
979 1061 1010 1102 sc
1025 1040 1200 1120 confugisse,
1222 1040 1295 1102 altor
1310 1040 1576 1102 Dumnobellonnur

218 1147 293 1218 sire,
325 1157 357 1208 ut
380 1154 425 1208 est
447 1146 477 1207 in
501 1145 633 1226 exemplo
657 1145 778 1216 Graeco,
809 1141 1090 1225 Λομνσελλαῦνος,
1114 1163 1172 1206 non
1196 1144 1289 1205 solum
1313 1155 1432 1224 propter
1447 1142 1576 1204 nominis

218 1253 343 1312 sormam
367 1250 503 1330 componi
526 1259 624 1330 potest
645 1267 712 1309 cum
738 1247 814 1310 notis
838 1247 1003 1328 principum
1028 1247 1202 1310 Gallicorum
1226 1247 1396 1308 nominibus
1411 1247 1577 1309 Dumnorix

218 1363 248 1414 et
272 1353 512 1426 Curn'oellounns,
541 1353 816 1414 Vercassivellaunus
838 1352 887 1430 (ci.
900 1359 1021 1432 propter
1043 1355 1167 1413 sormam
1189 1351 1321 1412 vocabuli
1343 1351 1433 1412 Zouss
1453 1369 1575 1430 gramm.

219 1456 309 1518 Celt²
332 1475 360 1536 p.
378 1455 427 1518 87.
445 1455 533 1532 856),
563 1456 612 1518 sed
641 1465 741 1517 extant
769 1455 885 1517 nummi
915 1455 979 1516 cusi
1009 1454 1038 1516 in
1062 1454 1210 1516 Britannia
1239 1454 1421 1516 meridionali
1444 1453 1577 1535 inscripti

219 1560 486 1633 Budnoaellaunos,
516 1579 591 1640 quos
620 1559 707 1640 periti
737 1559 772 1620 ad
796 1558 919 1640 Augusti
946 1567 1069 1621 aetatem
1101 1577 1236 1620 rovocare
1259 1569 1288 1620 ct
1310 1549 1455 1640 huic'ipsi
1477 1559 1577 1638 regulo

219 1663 378 1725 attribuere
401 1683 461 1725 non
483 1663 665 1725 dubitarunt.
703 1663 776 1724 Nam
800 1664 878 1743 quod
901 1661 985 1724 tertia
1008 1663 1104 1724 littora
1127 1662 1204 1742 apud
1221 1662 1386 1740 Augentum
1408 1679 1444 1721 cx
1467 1661 1577 1722 blacta

220 1777 265 1829 est
290 1787 335 1839 ια,
364 1767 500 1829 similiter
528 1767 701 1828 uocabulum
733 1765 812 1845 quod
840 1764 942 1827 Latine
976 1765 1097 1826 effertur
1126 1763 1290 1827 Dumnorio
1324 1763 1353 1824 iu
1387 1765 1483 1843 ipsum
1513 1783 1577 1824 esse

219 1872 336 1933 videtur
357 1871 434 1950 quod
457 1871 606 1932 invenitur
626 1870 657 1932 in
678 1868 810 1930 nummis
826 1867 941 1930 Gallicis
959 1868 1120 1930 Desineren
1136 1866 1303 1948 (Bucbalais
1325 1868 1411 1929 deser.
1425 1867 1482 1928 dn
1505 1867 1577 1928 me'd.

222 1973 305 2036 Gaul.
328 1995 356 2055 p.
376 1974 452 2046 112;
480 1973 771 2054 zeuss1.c.p.2u)
805 1981 834 2034 et
865 1971 1045 2053 Copidnlnns
1075 1971 1152 2034 tituli
1180 1971 1339 2033 Britannici
1362 1970 1404 2043 (C.
1426 1970 1493 2043 Vll,
1525 1969 1576 2048 11)

220 2076 411 2159 Copidnmnns
434 2085 479 2138 ost
494 2075 587 2138 Taciti
609 2076 716 2156 (Agris.
737 2077 796 2150 tat.
834 2075 931 2137 Edidit
953 2095 1002 2137 eos
1025 2085 1092 2156 post
1107 2075 1179 2138 alios
1193 2077 1255 2137 lob.
1273 2074 1368 2136 Evans
1390 2075 1434 2136 tlte
1457 2078 1533 2136 coriis
1547 2075 1583 2154 os

220 2181 264 2244 tln
286 2185 397 2242 unciam
419 2180 533 2242 Britons
549 2180 698 2260 (Londinii
724 2179 818 2258 1864)
840 2199 868 2259 p.
889 2179 947 2240 198
960 2199 1020 2258 seq.
1041 2179 1099 2240 tab.
1115 2180 1134 2240 4
1151 2199 1180 2240 u.
1197 2180 1225 2242 6.
1243 2180 1271 2239 7.
1289 2178 1318 2239 8.
1335 2179 1364 2238 9.
1384 2177 1431 2237 10.
1458 2178 1506 2236 11.
1525 2177 1579 2250 12;

222 2302 348 2365 quorum
371 2284 571 2364 exemplorum
595 2283 654 2344 duo
676 2303 705 2344 n.
723 2284 742 2345 6
763 2284 827 2346 et8
847 2284 920 2344 inira
944 2282 1066 2362 repetivi
1081 2282 1192 2344 adiecto
1209 2280 1295 2345 tertio
1310 2281 1440 2362 paullum
1464 2279 1578 2342 diverso

222 3754 316 3815 nuper
338 3744 506 3815 comparato
529 3755 544 3796 a
562 3753 663 3796 musco
678 3744 789 3796 nostro.
819 3735 853 3794 ln
869 3754 903 3796 eo
919 3733 1035 3795 nummi
1051 3733 1161 3796 variant
1176 3735 1254 3814 quod
1270 3736 1429 3816 septimum
1452 3735 1581 3796 clemen-

223 3847 286 3900 tum
315 3847 772 3918 autsostaut113practerea
796 3839 883 3900 modo
907 3859 938 3898 ιι
961 3836 1113 3906 scribitur,
1143 3838 1229 3899 modo
1252 3859 1281 3912 t,
1306 3841 1335 3901 in
1358 3849 1458 3900 nostro
1480 3848 1577 3899 autem

223 3917 365 4004 elementa
398 3962 431 4004 ea
461 3941 610 4003 deliciunt
659 3942 768 4014 Evans,
801 3943 852 4021 qui
882 3951 960 4002 recte
988 3959 1128 4002 nummos
1155 3941 1321 4022 composuit
1350 3961 1417 4004 cum
1440 3942 1581 4002 hocloco

223 4045 408 4107 monumenti
434 4045 592 4126 Ancyrani,
624 4063 781 4107 aureorum
814 4045 877 4106 aius
909 4044 984 4122 regis
1018 4045 1076 4105 duo
1109 4062 1214 4122 genera
1247 4043 1382 4105 observat
1410 4063 1479 4105 cusa
1508 4063 1581 4116 esse,

222 4151 345 4211 alterum
374 4149 495 4230 reperiri
522 4149 553 4210 in
580 4149 698 4228 regione
722 4147 798 4209 liant
828 4147 1049 4221 tantummodo,
1079 4148 1203 4209 alterum
1233 4148 1262 4208 in
1286 4147 1403 4228 regione
1426 4146 1525 4220 bissex,
1550 4156 1583 4209 ut

224 4262 378 4332 utramque
400 4271 450 4314 rex
474 4252 604 4314 tenuisse
627 4251 757 4312 rideatur
779 4259 809 4312 et
830 4249 945 4313 duobus
967 4250 1039 4312 locis
1062 4250 1150 4312 simul
1171 4269 1312 4312 nummos
1334 4251 1481 4312 feriendos
1495 4270 1580 4312 cura·

226 4356 310 4418 vissa.
356 4355 415 4416 Hos
432 4354 597 4418 simillimos
612 4374 676 4416 esso
694 4372 884 4416 nummorum
901 4353 978 4433 regis
995 4353 1179 4427 Cunobeiini,
1201 4355 1251 4435 qui
1267 4355 1340 4417 obiit
1354 4375 1379 4416 c.
1395 4374 1421 4416 a.
1438 4355 1477 4415 40
1493 4374 1522 4435 p.
1540 4355 1583 4426 8.,

222 4469 253 4520 et
281 4458 448 4538 Proximum
477 4467 545 4520 ante
575 4459 655 4519 bunc
684 4477 821 4536 regnasse
849 4456 940 4518 rideri
968 4456 1265 4520 Dumnobellaunum.
1288 4492 1330 4503 -
1352 4459 1480 4520 Alterius
1506 4458 1583 4538 regis

223 4563 363 4636 Britanni,
384 4581 471 4641 quem
488 4564 639 4641 Augustus
654 4561 689 4622 ad
705 4581 737 4622 se
752 4559 918 4640 confugisse
934 4559 1044 4632 scribit,
1060 4578 1168 4622 nomen
1185 4563 1389 4641 imperfectum
1406 4562 1581 4643 accepimus,

222 4683 328 4744 nempe
356 4684 423 4726 cum
453 4665 566 4726 litterae
593 4666 628 4726 ad
659 4665 687 4726 id
719 4665 899 4746 pertinentes
927 4681 1051 4725 numero
1074 4664 1166 4724 luisse
1187 4665 1341 4727 rideantur
1363 4666 1481 4727 Latinae
1503 4685 1528 4726 c.
1545 4684 1583 4737 rx,

224 4767 347 4829 Graecae
369 4786 394 4829 c.
414 4785 453 4838 ru,
476 4768 585 4848 primas
610 4777 668 4830 tres
690 4767 722 4829 in
745 4767 849 4829 Latino
871 4767 1005 4848 exemplo
1027 4787 1082 4829 rm
1105 4767 1194 4829 luisse
1210 4766 1390 4830 Cbisbullius
1411 4776 1513 4831 auctor
1527 4778 1582 4841 est,

222 4871 273 4950 qui
309 4889 386 4933 unus
415 4889 464 4932 cas
494 4870 633 4944 servavit,
663 4871 693 4933 in
717 4871 834 4934 Graecis
862 4891 922 4934 non
949 4881 1085 4952 superest
1111 4870 1169 4933 nisi
1197 4871 1291 4952 prima
1317 4891 1345 4932 τ.
1398 4869 1584 4952 Compararit
