3798 5584
811 399 865 467 111,
885 401 954 455 1-6
1519 400 1560 464 55

204 582 251 644 nit
265 599 333 644 cum
349 581 510 644 secundum
526 581 706 662 supradicta
722 585 831 644 lactum
847 601 911 644 esse
926 580 1095 643 videatura.
1109 579 1169 642 150
1184 578 1353 659 incipiente,
1369 597 1436 641 curn
1454 578 1561 640 Lucius

204 704 317 748 annum
334 703 397 746 xun
416 693 467 746 aut
488 685 662 766 explevisset
684 694 735 747 aut
756 686 926 766 expleturus
948 693 1035 758 esset,
1058 684 1119 744 v.3
1144 693 1243 745 utrum
1266 701 1329 744 xuu
1352 681 1442 744 luerit
1462 701 1499 743 an
1514 701 1560 756 xv,

204 787 320 850 deliniri
339 807 399 850 non
422 796 529 870 potest
551 825 593 836 -
616 788 657 850 De
679 788 812 850 censorio
835 792 937 851 lunera
952 788 1017 850 ride
1031 787 1165 850 Tacitum
1181 805 1249 848 ann.
1268 785 1316 859 13,
1332 785 1367 859 0;
1389 785 1562 866 llarquard-

204 893 280 955 tium
292 891 471 955 montes
485 893 512 966 l,
525 891 602 968 3403
616 892 789 957 διαπέστειλε
804 893 840 954 1¹
853 913 881 974 p.
895 893 966 954 405.
988 891 1096 954 lustitii
1111 899 1231 973 propter
1246 899 1372 952 mortem
1385 891 1416 952 C.
1430 891 1560 953 Caesaris

201 996 305 1060 indicti
327 994 527 1060 meminerunt
547 995 615 1058 lasti
636 995 920 1077 Ripatransoncnses
944 998 982 1071 (v.
1005 995 1081 1058 infra
1103 995 1139 1056 ad
1162 996 1190 1068 5,
1214 993 1278 1073 04).

304 1099 490 1180 Principatus
517 1099 679 1162 iuventuu's
701 1109 817 1181 praeter
837 1118 977 1163 nummos
1000 1100 1161 1179 titulosque
1182 1105 1212 1159 et
1233 1096 1326 1160 Taciu'
1348 1096 1446 1159 locum
1469 1115 1559 1179 supra

204 1203 311 1266 relatos
327 1204 377 1284 (cl.
393 1203 464 1266 item
477 1203 650 1266 Stootsreclat
664 1203 685 1264 0
700 1225 728 1287 p.
742 1203 818 1284 800)
834 1205 970 1267 meminit
984 1203 1120 1266 cultione
1133 1203 1259 1264 Zonaras
1277 1202 1325 1274 10,
1341 1199 1381 1262 05
1397 1201 1433 1262 de
1445 1200 1515 1262 Gaio
1530 1209 1561 1265 et

201 1307 295 1369 Lucio
317 1325 451 1368 narrans:
475 1301 493 1369 ὁ
513 1303 707 1384 Αὔγουστος
730 1352 802 1370 ....
824 1303 1004 1390 πρόιιριτον
1020 1303 1170 1389 ἀπέφηνε
1185 1303 1242 1389 τῆς
1256 1298 1407 1386 νεότητος
1423 1302 1560 1387 ἴλαρχον

200 1432 238 1474 τε
260 1409 365 1494 φυλῆς
385 1411 546 1487 γενέσθαι
568 1401 744 1494 ἐπέτρεψε,
771 1429 950 1492 quamquam
973 1421 1003 1474 et
1026 1411 1061 1472 de
1083 1417 1203 1472 auctore
1224 1407 1346 1470 honoris
1369 1415 1400 1469 et
1420 1407 1451 1470 in
1473 1409 1559 1470 annis

200 1523 290 1577 errat.
320 1515 473 1576 Praeterea
495 1512 548 1576 llio
565 1515 615 1588 55,
641 1513 680 1575 10
701 1513 733 1576 in
748 1515 879 1595 exequiis
899 1513 951 1577 Gai
966 1523 997 1578 et
1021 1513 1103 1576 Lucii
1126 1511 1296 1576 enarrandis
1318 1513 1396 1575 inter
1417 1512 1471 1574 alia
1486 1513 1559 1575 haec

200 1618 306 1681 habet:
337 1613 373 1679 oi
402 1615 522 1679 πέλται
553 1614 595 1678 τά
615 1639 650 1678 τε
672 1612 814 1702 δόρατα,
842 1613 864 1680 οἳ
892 1617 985 1700 παρὰ
1013 1617 1077 1681 τῶν
1104 1612 1237 1680 ἱππέων
1263 1613 1297 1689 ές
1317 1614 1393 1690 τοὺς
1415 1609 1559 1699 ἐφήβους

200 1717 347 1795 έσιόντες
377 1717 484 1800 χροσᾶ
522 1720 578 1801 (sic
617 1725 728 1796 errore)
770 1718 966 1804 εἰλήφεσαν,
1006 1717 1039 1794 ές
1070 1717 1107 1783 τὸ
1141 1714 1373 1802 βουλευτήριον
1405 1713 1558 1804 ἀνετέθη.

200 1825 325 1887 Restant
346 1823 488 1905 quaedam
511 1824 676 1886 adnotanda
698 1825 734 1886 de
756 1823 819 1906 ipsa
842 1824 991 1905 dignitate.
1025 1823 1062 1886 tn
1084 1822 1213 1905 opinatio
1235 1823 1354 1903 quidem
1370 1842 1483 1897 eorum,
1507 1823 1559 1904 qui

199 1930 361 2010 prinoipem
385 1927 546 2000 iuventutis
568 1927 685 2010 proprie
700 1947 768 1991 eum
784 1947 848 1990 esse
864 1928 919 1990 sibi
934 1923 1153 2010 persuaserunt,
1176 1945 1264 2007 quern
1287 1927 1319 1988 in
1341 1927 1490 2006 equitibus
1510 1931 1575 1990 re-'

199 2032 355 2094 censendis
377 2049 515 2095 censores
530 2031 661 2115 primum
676 2040 829 2094 vocassent
845 2032 967 2110 (Becker
979 2031 1008 2106 0,
1034 2033 1048 2092 1
1073 2051 1101 2114 p.
1119 2030 1211 2110 088),
1238 2030 1350 2093 dudum
1373 2031 1490 2112 explosa
1512 2041 1559 2095 est

198 2145 231 2198 et
252 2138 375 2198 refutata
398 2136 582 2216 (llarquardt
602 2135 670 2197 hist.
693 2154 739 2216 eq.
754 2156 783 2217 p.
802 2134 871 2214 15);
893 2154 962 2196 nam
984 2135 1131 2217 principes
1146 2134 1292 2216 equestris
1307 2135 1419 2197 ordinis
1435 2134 1557 2198 similia-

197 2259 267 2320 que,
289 2257 363 2319 quae
384 2239 494 2320 passim
518 2239 595 2320 apud
611 2239 780 2301 Ciceronem
802 2240 1002 2320 reperiuntur,
1024 2257 1062 2301 ne
1084 2259 1170 2320 posse
1192 2239 1312 2319 quidem
1335 2239 1377 2301 sio
1399 2238 1490 2320 accipi
1513 2239 1557 2301 rel

197 2343 268 2404 inde
289 2350 418 2424 apparet,
441 2342 520 2422 quod
542 2342 578 2403 ab
600 2361 626 2404 a.
642 2341 704 2404 085
727 2341 763 2403 ad
785 2361 811 2404 a.
829 2342 890 2404 700
910 2342 1037 2404 lustrum
1060 2342 1175 2405 nullum
1202 2342 1354 2405 conditum
1377 2352 1440 2418 est,
1460 2361 1557 2424 neque

197 2465 287 2527 quem
309 2455 482 2527 comparant
503 2446 638 2528 princeps
660 2454 779 2509 senatus
801 2445 866 2508 ideo
889 2445 931 2508 sic
953 2444 1068 2520 dicitur,
1092 2447 1170 2527 quod
1191 2447 1306 2529 primus
1328 2455 1374 2510 est
1394 2445 1426 2509 in
1449 2446 1556 2510 tabulis

196 2549 339 2612 censoriis
362 2557 542 2624 senatorum,
564 2549 616 2611 sed
632 2551 710 2630 quod
732 2549 847 2631 primus
866 2549 897 2611 iu
912 2559 1015 2612 senatu
1031 2551 1207 2612 sententiam
1221 2559 1351 2630 rogatur.
1381 2549 1441 2613 Nec
1456 2558 1555 2614 tamen

197 2662 352 2735 propterea
374 2652 547 2716 crediderim
571 2651 710 2734 principis
733 2651 895 2715 iuventutis
917 2653 1090 2732 dignitatem
1114 2663 1206 2716 totam
1223 2653 1366 2716 noviciam
1382 2673 1446 2714 esse
1462 2673 1556 2734 neque

197 2756 368 2819 ullomodo
394 2755 566 2838 applicatam
595 2757 631 2818 ad
656 2755 807 2836 antiquam
834 2756 1034 2838 reipublicae
1060 2761 1201 2830 lormam;
1232 2757 1325 2818 immo
1351 2775 1454 2819 verunt
1483 2756 1556 2820 vidit

195 2860 227 2921 in
251 2859 421 2922 universum
439 2859 635 2940 Spanhemius
659 2859 706 2936 (de
729 2879 785 2921 usu
808 2868 838 2922 et
859 2867 965 2940 praest.
989 2859 1130 2921 numism.
1147 2859 1176 2933 0,
1199 2859 1274 2936 359)
1295 2859 1491 2940 principatum
1507 2860 1555 2922 iu-

196 2963 325 3026 ventutis
338 2972 473 3044 repetens
488 2981 523 3024 ex
539 2961 666 3024 seviratu
682 2961 815 3042 equitum
831 2961 1053 3024 Romanorum.'
1066 2961 1139 3024 Nam
1155 2963 1382 3046 comprincipes
1395 2963 1554 3026 iuventutis

195 3076 313 3130 constet
334 3067 426 3130 luisse
448 3066 595 3149 principes
617 3066 750 3146 equiturn
767 3066 967 3128 Romanorum
977 3065 1009 3144 ¹),
1032 3065 1119 3127 seviri
1142 3075 1240 3128 autent
1256 3067 1388 3147 equitum
1404 3067 1554 3130 Romano·

194 3287 473 3343 mantuanensem
492 3287 624 3346 Heraeum
643 3287 750 3352 tribuit,
772 3290 816 3340 aed
834 3290 889 3355 ipae
911 3287 974 3339 vidit
993 3291 1095 3340 obstare
1114 3303 1217 3340 versum
1235 3289 1259 3351 0,
1280 3289 1302 3342 1.
1331 3287 1400 3355 Quae
1417 3299 1555 3356 supersunt

195 3392 343 3446 quamquam
362 3376 506 3427 continuam
525 3375 716 3426 restitutionem
735 3391 785 3426 aon
804 3374 941 3440 recipiunt,
958 3374 1002 3425 uui
1020 3374 1047 3425 ui
1065 3355 1143 3425 lillor
1158 3373 1309 3426 Germanico
1328 3377 1490 3428 conveniunt
1520 3377 1553 3428 tti

193 3464 271 3526 euim,
289 3477 344 3514 eum
363 3461 448 3512 ι.160
468 3460 535 3512 1ο11ο
547 3460 688 3512 Dalmatico
706 3461 779 3511 linem
798 3461 967 3527 imposuisset,
986 3467 1014 3512 ut
1031 3461 1070 3511 ait
1082 3461 1128 3512 llio
1142 3461 1183 3526 56,
1199 3463 1237 3526 tt,
1257 3463 1324 3512 inter
1342 3463 1394 3513 alia
1413 3462 1497 3514 datum
1510 3471 1551 3514 est

193 3544 245 3615 τὴν
262 3545 398 3600 ὑπατείαν
415 3547 527 3599 θᾶσσον
545 3544 622 3613 παρὰ
642 3543 673 3596 τὸ
692 3548 894 3616 νενομισμένον
911 3547 1010 3612 λαβεῖν,
1028 3547 1092 3612 quod
1110 3554 1181 3598 recto
1199 3548 1237 3598 ita
1253 3549 1335 3615 accipi
1352 3555 1436 3615 potest
1454 3550 1478 3599 el
1495 3565 1552 3616 per·

193 3635 300 3688 missum
326 3649 392 3698 esse,
420 3641 449 3684 ut
475 3633 563 3700 quinto
589 3649 655 3684 anso
683 3639 740 3700 post
766 3641 928 3700 quaesturam
954 3640 1051 3698 gestam
1078 3635 1109 3684 ad
1135 3635 1293 3686 consulatum
1313 3633 1492 3686 admitteretur
1508 3635 1551 3700 (cf.

194 3723 352 3775 Scammos
373 3719 402 3772 1Β
418 3737 440 3787 p.
460 3721 534 3784 551);
557 3725 677 3787 quaestor
699 3719 765 3772 euim
792 3717 842 3771 luit
864 3735 887 3770 a.
902 3721 966 3784 160,
994 3721 1082 3772 eousul
1100 3735 1123 3770 a.
1137 3721 1194 3772 165.
1239 3719 1308 3786 Quae
1336 3727 1489 3788 sequuntur,
1515 3723 1551 3775 ita

193 3808 305 3862 sortasse
323 3807 461 3875 supplenda
478 3811 548 3857 aunt:
576 3808 682 3871 [missua
701 3809 740 3858 ast
756 3807 805 3870 bla'a
826 3809 873 3873 qaas·
891 3822 939 3875 pro
960 3807 1059 3859 consule
1082 3803 1188 3871 Glulllua
1205 3809 1229 3858 el
1254 3805 1382 3858 Mentem
1404 3809 1550 3872 connereth

194 3911 251 3947 uam
269 3896 301 3945 de
316 3894 373 3945 viro
394 3891 569 3960 proconsulari
588 3899 716 3958 potestate
734 3892 765 3944 ad
784 3893 924 3959 exemplum
942 3892 1066 3960 principis
1084 3893 1202 3959 praedito
1220 3893 1382 3959 proconsulis
1400 3894 1550 3945 vocabulum

193 3981 286 4034 nudum
304 3987 376 4032 recte
394 3978 516 4030 evitatur.
1203 4033 1204 4038 ,

294 4067 315 4130 ι)
334 4065 450 4118 Lotharii
468 4063 539 4117 lloclt
561 4065 604 4128 (de
627 4065 742 4132 principe
767 4065 916 4117 iuventutis.
946 4062 1050 4130 Lipsiae
1070 4063 1143 4116 1883.
1157 4065 1184 4129 8)
1202 4066 1225 4116 si
1243 4073 1314 4117 recte
1332 4065 1450 4117 intellexi
1463 4067 1550 4135 dispu-

192 4155 316 4208 tationem
330 4155 461 4204 obscuram
473 4159 501 4203 et
512 4151 665 4219 perplexam,
678 4152 701 4202 is
714 4151 854 4218 principem
867 4139 1008 4224 iuuentutis
1021 4151 1053 4201 ad
1066 4152 1205 4216 equitatum
1218 4151 1378 4204 referendum
1388 4167 1445 4204 esse
1456 4169 1548 4216 negans

191 4241 273 4294 solam
297 4241 362 4292 iuris
387 4239 413 4290 iu
437 4239 606 4306 principatum
629 4237 668 4288 rei
693 4237 809 4303 publicae
827 4237 979 4288 hereditarii
997 4237 1208 4301 significationem
1226 4239 1252 4289 iu
1272 4255 1301 4290 eo
1322 4241 1444 4292 vocabulo
1464 4241 1549 4292 inesse

192 4327 332 4382 contendit.
361 4323 415 4378 Nos
438 4325 464 4376 id
484 4325 615 4378 inventum
632 4341 678 4376 suo
697 4325 796 4375 auctori
816 4325 987 4391 relinquemus
1004 4325 1138 4376 mirificum
1156 4341 1216 4376 sano
1234 4335 1264 4376 ut
1280 4327 1367 4378 multis
1384 4327 1445 4377 aliia
1463 4327 1548 4378 nomi-

193 4415 282 4479 nibus,
304 4415 342 4466 ita
365 4413 473 4464 maxime
497 4428 527 4463 ec
551 4411 615 4478 quod
638 4413 676 4462 ita
697 4409 809 4462 futurum
834 4411 920 4477 populi
938 4409 1044 4462 llomani
1062 4411 1239 4478 imperatorem
1257 4413 1308 4463 soli
1326 4413 1425 4480 equites
1442 4412 1548 4465 Romani

192 4502 308 4565 deligunt
321 4499 364 4553 vel
376 4499 448 4565 adeo,
465 4499 489 4550 si
501 4497 626 4550 lioclxium
644 4497 782 4563 sequimur,
799 4497 882 4548 seviri
900 4513 1000 4562 eorum;
1019 4498 1041 4548 is
1060 4499 1126 4549 euim
1139 4505 1229 4549 auctor
1241 4506 1268 4549 et
1279 4507 1369 4550 acutus
1382 4507 1408 4552 et
1419 4501 1548 4552 modestus

192 4591 334 4653 Augustum
352 4586 390 4637 ait
407 4587 442 4653 (p.
457 4585 498 4652 ll)
516 4587 572 4638 sive
595 4585 725 4637 erravisse
743 4585 801 4636 sive
819 4585 952 4636 mentitum
976 4598 1034 4635 esse
1051 4584 1082 4634 ab
1105 4584 1237 4636 universis
1249 4585 1378 4651 equitibus
1391 4585 1417 4637 id
1429 4591 1548 4654 repeten-

192 4683 254 4738 tem,
271 4687 333 4724 vere
352 4669 442 4722 Gaium
459 4677 486 4723 ot
497 4669 602 4723 Lucium
620 4671 749 4738 principes
768 4670 912 4724 iuventutis
930 4668 1012 4722 laetos
1030 4685 1087 4722 esse
1105 4671 1208 4722 decreto
1226 4671 1329 4736 collegii
1347 4673 1459 4724 sevirum
1477 4675 1548 4740 equi·

191 4769 246 4813 tum
263 4758 439 4810 Romanorum.
470 4757 566 4823 Quodsi
585 4758 702 4826 princeps
720 4757 863 4809 iuventutis
882 4765 947 4822 erat,
965 4764 993 4810 ut
1011 4755 1091 4809 luisse
1108 4772 1164 4808 eum
1181 4757 1262 4810 adhuc
1279 4773 1365 4810 omues
1383 4759 1546 4826 credidimus,

192 4847 288 4916 primus
300 4845 411 4913 equitum
423 4843 598 4911 Romanorum,
615 4862 671 4898 cum
683 4845 784 4898 senatui
796 4843 997 4908 adscribebatur,
1014 4851 1045 4896 ut
1057 4859 1133 4911 eques
1151 4842 1276 4896 llomauus
1294 4845 1331 4896 ita
1349 4845 1466 4912 princeps
1484 4862 1545 4914 quo·
