3796 5588
224 650 292 732 Cap.
307 650 411 713 XXXV
434 655 474 732 15.
494 651 575 728 153).

265 773 293 815 vr
314 772 395 816 aa-aa
423 754 511 816 Pater
531 755 641 836 patriae
663 755 833 836 appellatus.

314 875 389 921 5555
424 859 489 932 055
512 868 644 939 tempore
666 859 738 920 baec
760 859 868 941 scripta
890 862 960 922 sint.

280 960 322 1023 lle
343 962 555 1023 commentario
578 961 693 1042 publice
716 962 746 1023 in
770 963 843 1025 urbe
865 971 932 1024 ante
956 964 1123 1045 sepulcrum
1147 980 1234 1023 suum
1258 960 1450 1042 proponendo
1464 960 1533 1039 quid

178 1065 329 1144 Augustus
358 1073 535 1128 testamento
564 1065 687 1138 caverit,
719 1067 755 1128 ad
784 1085 852 1129 eum
882 1065 912 1127 in
940 1067 1085 1148 principio
1113 1064 1304 1146 exposuimus
1332 1064 1418 1138 tinlra
1446 1082 1475 1143 p.
1494 1063 1534 1141 1).

179 1168 346 1231 Paruerunt
373 1177 406 1230 ut
432 1168 586 1250 oportebat
614 1167 640 1229 ei
668 1168 723 1248 legi
750 1169 872 1231 heredes
894 1169 1066 1248 tabulasque
1088 1177 1307 1250 proposuerunt
1328 1166 1368 1228 ibi
1390 1166 1440 1228 ubi
1463 1166 1534 1228 iussi

178 1281 263 1335 erant
289 1283 357 1334 ante
388 1273 569 1335 mausoleum
594 1272 730 1352 Augusti,
757 1272 867 1335 t’lmsa
889 1271 1000 1334 dictum
1025 1273 1121 1334 medio
1142 1292 1228 1344 aevo,
1258 1271 1347 1333 situm
1373 1273 1401 1334 in
1425 1269 1535 1350 Campo

177 1375 282 1437 1055115
309 1375 349 1438 ibi
377 1379 438 1438 lere
466 1375 516 1437 ubi
544 1394 624 1438 nunc
650 1385 697 1438 est
724 1376 839 1457 Ripetta
869 1376 993 1456 (Becker
1022 1385 1134 1456 topogr.
1159 1375 1239 1438 urbis
1269 1374 1378 1436 llomae
1405 1394 1433 1455 p.
1450 1373 1534 1446 639).

178 1477 251 1541 Nam
275 1480 432 1560 exemplar,
456 1480 534 1559 quod
556 1479 642 1541 hodie
664 1488 800 1560 superest
813 1482 951 1560 Ancyrae,
974 1480 1004 1541 in
1028 1479 1216 1561 praescriptis
1231 1478 1338 1541 dicitur
1353 1477 1533 1559 descriptum

177 1601 213 1644 ex
242 1583 353 1646 055055
384 1583 496 1646 ulmeos
516 1583 596 1664 pilis,
624 1603 695 1665 5555
720 1595 785 1646 ment
806 1582 912 1645 1155555
931 1587 1050 1664 positae.
1094 1583 1154 1645 Nec
1176 1591 1316 1664 pugnent,
1339 1582 1416 1644 sicut
1439 1582 1533 1644 risum

177 1695 223 1748 est
251 1686 349 1768 Lipsio
378 1686 426 1760 (ad
455 1685 548 1749 Taciti
574 1688 694 1760 anmi,
719 1686 787 1766 11),
815 1705 883 1748 cum
915 1686 1020 1749 tabulis
1048 1686 1167 1749 abeneis
1190 1686 1325 1749 Suetonii
1353 1686 1429 1760 (vide
1459 1685 1534 1746 15155

177 1792 255 1871 51)
277 1789 351 1870 51155
373 1790 500 1851 abeneae
523 1789 697 1871 exemplaris
720 1789 880 1870 Ancyrani3
902 1808 970 1852 nam
991 1809 1083 1872 prope
1098 1790 1208 1853 accedit
1223 1790 1259 1852 ad
1276 1788 1389 1851 tabulae
1405 1789 1532 1871 speciem

176 1893 235 1974 pila
262 1894 418 1974 quadrata,
448 1893 531 1955 cuius
556 1895 667 1974 postica
690 1894 727 1955 ad
749 1911 868 1956 murum
892 1894 1032 1975 applicata
1059 1894 1110 1968 sit,
1134 1895 1211 1956 latus
1233 1902 1393 1974 utrumque
1416 1893 1534 1954 brevius

176 2017 193 2059 5
222 1997 367 2078 scriptura
393 2005 484 2058 vacet.
529 1996 621 2058 ldulto
648 1996 747 2058 minus
775 1997 854 2076 quod
881 1998 1064 2060 mausoleum
1087 1998 1158 2060 illud
1181 2017 1217 2059 ex
1239 1997 1333 2079 lapide
1355 1999 1465 2058 lactum
1489 2006 1534 2058 est

177 2101 274 2163 obstat
296 2100 455 2181 quominus
477 2109 545 2163 ante
566 2100 596 2162 10
618 2101 692 2182 51155
714 2100 841 2162 51555555
864 2109 989 2166 51515155
1012 2100 1131 2176 luerint,
1154 2120 1334 2182 quamquam
1356 2100 1440 2162 aliter
1454 2101 1533 2163 1501-

176 2202 253 2265 cavit
274 2201 429 2283 Zumptius
451 2207 544 2280 (mon.
567 2206 672 2285 Ancyr.
695 2223 723 2285 p.
740 2203 803 2271 38).

277 2305 375 2368 lndice
396 2305 436 2368 ita
459 2305 568 2370 Romae
591 2307 705 2389 publice
726 2307 887 2390 proposito,
910 2327 997 2388 quern
1021 2319 1052 2371 et
1073 2309 1231 2372 auctoritas
1253 2319 1283 2371 et
1304 2309 1431 2371 brevitas
1451 2327 1534 2370 corn-

178 2408 345 2482 mendaret,
374 2429 434 2472 non
465 2411 573 2472 mirum
606 2420 652 2473 est
679 2430 749 2472 usos
776 2431 840 2474 esse
866 2431 965 2474 rerum
996 2413 1171 2494 scriptores,
1200 2432 1328 2494 quorum
1358 2433 1392 2474 ex
1419 2412 1455 2474 iis
1482 2413 1534 2492 qui

176 2522 277 2575 extant
299 2513 432 2575 notitiam
461 2515 526 2577 eius
549 2515 716 2577 babuerunt
738 2514 864 2576 Velleius
886 2524 915 2576 et
938 2516 1096 2580 Suetonius
1107 2516 1140 2597 ¹).
1184 2517 1257 2579 Nam
1281 2517 1420 2587 Velleius,
1448 2517 1533 2578 cuius

175 2624 269 2678 aetate
292 2616 406 2678 tabulae
428 2617 538 2679 Rornae
568 2617 716 2699 expositae
739 2626 823 2692 sunt,
851 2618 1026 2700 principium
1050 2633 1129 2683 certe
1152 2621 1293 2682 memoria
1316 2619 1465 2682 invenitur
1488 2629 1532 2682 te-

175 2719 276 2782 nuisse
299 2720 473 2803 (5151555.
490 2721 539 2803 3);
563 2722 723 2784 Suetonius
745 2731 777 2784 et
797 2721 890 2804 ipsam
913 2722 977 2785 eius
999 2723 1220 2805 inscriptionem
1239 2733 1383 2785 memorat
1399 2727 1437 2798 (v.
1454 2743 1481 2804 p.
1501 2721 1532 2800 1)

175 2832 205 2885 et
226 2823 318 2884 semel
340 2831 378 2898 (v.
394 2825 431 2886 ad
454 2826 482 2898 4,
506 2823 560 2904 35)
582 2843 650 2886 eum
673 2824 787 2905 adlegat
809 2825 865 2888 sub
887 2828 1007 2890 nomine
1029 2827 1174 2901 auctoris,
1200 2825 1309 2908 passim
1333 2836 1430 2888 autem
1455 2825 1532 2901 (ride

174 2925 249 2987 15155
277 2926 313 2987 50
342 2925 454 3000 1511,
483 2926 533 2988 21.
558 2927 653 3001 (15.3,
676 2928 726 2990 21.
749 2930 824 3003 4,1.
855 2929 917 2991 Lat.
934 2931 963 3004 2,
986 2930 1015 2992 2.
1038 2930 1088 2990 21.
1112 2929 1163 2990 42.
1187 2930 1217 3003 3,
1234 2930 1262 2990 7.
1287 2929 1382 3002 4,17.
1408 2929 1456 2990 19.
1480 2928 1531 2990 39.

174 3028 225 3091 43.
248 3031 299 3090 51.
323 3030 356 3102 5,
381 3030 430 3092 10.
456 3029 504 3090 12.
528 3029 579 3092 36.
602 3031 653 3092 40.
676 3032 726 3093 47.
747 3033 797 3095 50.
818 3033 851 3106 0,
873 3033 906 3112 0)
933 3034 969 3095 ab
997 3053 1032 3095 eo
1059 3034 1166 3114 pendet
1193 3033 1238 3094 vel
1265 3041 1344 3094 certe
1371 3031 1448 3092 inter
1476 3032 1531 3093 alia

174 3151 241 3194 eum
271 3132 386 3195 videtur
414 3133 591 3195 adhibuisse.
637 3133 738 3197 libelli
765 3138 860 3198 torma
882 3136 1008 3198 indicem
1032 3136 1147 3217 publice
1169 3135 1280 3198 editum
1304 3153 1367 3196 esse
1390 3141 1530 3195 testatum

174 3255 233 3298 non
256 3235 413 3310 babemus;
436 3246 466 3299 et
487 3237 612 3300 Velleius
635 3238 754 3318 quidem
772 3239 988 3320 Suetoniusque
1011 3240 1074 3302 lieri
1095 3247 1193 3321 potest
1216 3248 1249 3301 51
1270 3257 1338 3301 eum
1362 3238 1485 3318 legerint
1500 3238 1530 3298 in

173 3339 237 3420 ipso
264 3358 347 3414 5555,
374 3357 470 3420 55555
498 3341 678 3419 grammatici
709 3361 776 3404 eum
800 3344 899 3406 citant.
943 3345 982 3404 dt
1009 3362 1078 3406 curn
1109 3343 1130 3405 ii
1158 3343 1250 3405 citent
1278 3340 1530 3420 testamentum¹),

172 3442 321 3524 probabile
348 3453 394 3504 est
416 3442 542 3504 indicem
564 3463 683 3523 quoque
705 3445 875 3509 hominibus
900 3446 994 3509 doctis
1016 3446 1120 3509 aetatis
1146 3445 1318 3528 posterioris
1340 3445 1370 3506 in
1395 3444 1530 3506 manibus

172 3547 272 3608 tuisse.
309 3547 352 3607 Ad
373 3563 427 3608 555
449 3546 583 3628 55555511
597 3565 656 3608 555
672 3549 820 3612 codicibus
836 3558 1021 3631 propagatus,
1037 3550 1088 3612 sed
1103 3569 1157 3631 per
1170 3548 1345 3631 exemplaria
1362 3557 1420 3610 tam
1437 3547 1530 3628 ipsius

172 3669 260 3731 quam
283 3649 532 3730 interpretationis
556 3650 694 3724 Graecae,
717 3671 792 3732 5555
814 3652 931 3734 publico
953 3651 1076 3714 mosibo
1098 3653 1129 3714 in
1151 3653 1245 3734 lapide
1268 3652 1356 3714 incidi
1378 3651 1531 3714 iusserunt

172 3771 218 3816 res
246 3753 379 3834 publicae
406 3755 480 3816 duae
508 3753 647 3826 Graecae,
682 3755 809 3818 Galatiae
830 3755 996 3837 provinciae
1020 3767 1157 3837 utraque,
1184 3756 1337 3838 Ancyrana
1359 3763 1389 3817 et
1411 3753 1530 3835 Apollo-

171 3857 332 3932 niensis⁸t3
355 3876 421 3919 nanr
445 3875 624 3938 quamquam
640 3859 806 3940 Apolloniae
830 3878 889 3921 non
910 3869 1046 3941 superest
1067 3860 1125 3923 nisi
1146 3879 1213 3941 pars
1228 3858 1380 3931 versionis,
1402 3856 1530 3918 dubitari

271 4039 292 4106 ¹)
310 4039 367 4092 Nou
386 4046 456 4092 55515
476 4039 600 4103 borellus
619 4039 679 4106 58,
698 4039 816 4092 dubitans
835 4056 896 4092 5555
915 4043 977 4108 1555,
995 4041 1091 4094 5015511
1109 4043 1186 4094 51155
1200 4041 1335 4094 Nicolaum
1349 4039 1529 4090 0555555555

171 4127 217 4177 boa
239 4125 324 4178 150155
341 4141 413 4177 caum
436 4125 563 4188 15555151,
587 4133 692 4194 5555155
710 4125 794 4178 15555
812 4128 883 4179 51155
901 4128 975 4180 Caes.
994 4145 1015 4179 e.
1030 4129 1056 4179 1:
1084 4124 1258 4184 ἐθελουσίους
1273 4142 1301 4179 τε
1317 4118 1530 4198 προσαγόμενος

246 4210 357 4264 ἔπεισεν
373 4209 470 4264 ἑαυτοῦ
487 4209 646 4284 ἀκροᾶσθαι
668 4197 707 4265 ὧν
728 4211 760 4266 dl
784 4208 919 4285 πρότερον
939 4212 1001 4266 oaldi
1022 4208 1145 4282 ὀνόματα
1167 4209 1317 4278 ἠπίσταντο
1335 4213 1363 4263 οἱ
1383 4207 1530 4282 ἅνθρωποι

170 4295 239 4349 odd!
261 4314 335 4355 τινος
356 4291 473 4363 ὑπήκοοι
494 4298 617 4367 ἐγένοντο
640 4295 686 4350 διὰ
708 4297 827 4368 μνήμης,
849 4297 1062 4371 ἡμερωσάμτνος
1081 4297 1184 4353 ὀπόσοι
1200 4297 1274 4360 ἐντὸς
1289 4291 1383 4366 ‘Pisce
1400 4302 1530 4368 ποταμοῦ

169 4385 356 4448 κατοικοῦσιν,
378 4381 447 4455 ὑπέρ
469 4401 497 4437 τε
517 4381 567 4439 τὸν
580 4381 677 4438 Ἰόνιον
695 4384 801 4438 πόντον
817 4389 864 4438 aul
880 4383 913 4439 τὰ
929 4382 1062 4454 ’1115555515
1079 4389 1154 4455 γένη·
1178 4391 1350 4445 Horaericos
1366 4382 1467 4444 adrosis
1483 4389 1529 4440 asel

170 4471 262 4530 Δᾶαας
277 4473 415 4524 καλοῦσιν.
446 4471 508 4523 Nam
526 4488 582 4524 aum
600 4488 687 4540 555555
705 4473 846 4524 verisimile
865 4481 906 4525 551
924 4481 1049 4540 sumptum
1066 4489 1123 4526 esse
1141 4490 1173 4526 ax
1190 4475 1275 4526 150155
1294 4477 1317 4536 5,
1330 4475 1365 4526 44
1374 4489 1425 4542 555.

268 4557 289 4623 Ι)
307 4558 439 4610 Charisius
452 4575 474 4626 p.
487 4560 534 4611 104
547 4557 621 4621 115115
636 4576 714 4630 55555
727 4563 792 4613 5515
805 4569 877 4613 55515
890 4563 981 4629 551555
994 4561 1116 4624 Bergidae
1130 4561 1178 4629 58
1192 4562 1328 4613 155115555
1341 4562 1458 4614 15501155
1472 4569 1529 4614 155-

170 4651 211 4696 155
231 4647 353 4712 dogmata
369 4647 566 4710 intertornata,
584 4662 632 4713 555
650 4648 750 4700 uomina
762 4663 849 4699 reram
862 4649 1003 4714 scriptores
1015 4649 1115 4714 quidem
1128 4657 1275 4714 argumento
1288 4648 1528 4715 interpretationem

170 4731 307 4783 adiurante
326 4747 406 4799 55555
424 4739 507 4783 15555
526 4735 684 4799 grammatici
703 4734 802 4788 Liviam
822 4741 892 4786 reeta
910 4734 1040 4801 appellare
1059 4741 1205 4802 potueruut.

267 4819 287 4882 Ι)
307 4817 445 4885 Apollonia
461 4819 513 4870 sita
530 4820 556 4870 ia
575 4821 694 4872 55505115
706 4819 834 4890 Pbrygiae
853 4829 880 4872 et
900 4821 1011 4873 Pisidiae
1030 4821 1071 4880 151.
1085 4819 1115 4874 G.
1128 4818 1272 4872 Hirschfeld
1292 4821 1317 4871 15
1337 4821 1401 4872 55115
1419 4821 1527 4872 5515551-

171 4902 214 4954 bus
237 4906 309 4956 aead.
327 4905 410 4958 Barol.
428 4919 450 4956 a.
468 4906 531 4957 rste
550 4923 572 4973 5.
586 4907 649 4971 316)
671 4908 732 4960 olim
755 4924 811 4959 eon
836 4908 883 4958 1115
908 4908 1117 4961 contribuabatur
1139 4908 1293 4973 (Stephanus
1312 4909 1372 4974 llys.
1392 4922 1412 4956 s.
1426 4923 1465 4958 v.:
1492 4899 1526 4972 ιη’
1564 4951 1567 4958 ,
