3812 5580
277 1591 348 1684 ΒΕ
374 1609 417 1686 Ρ.
438 1611 667 1690 SVLPIOII
695 1612 926 1710 QVIRINII
955 1616 1151 1694 TITVLO
1179 1618 1471 1698 TIBVRTINO

298 1843 410 1905 Addere
433 1844 542 1924 placuit
563 1845 838 1907 commentariolum
861 1847 897 1908 de
914 1847 1008 1919 titulo,
1031 1847 1083 1927 qui
1098 1849 1203 1929 etipse
1218 1850 1395 1912 verseturin
1411 1852 1553 1914 memoria

198 1964 297 2007 rerum
332 1965 450 2020 earum,
483 1966 557 2027 quae
586 1948 677 2010 ductu
710 1948 899 2030 auspicioque
925 1949 996 2030 imp.
1012 1951 1137 2030 Augusti
1163 1961 1262 2030 gestae
1289 1961 1372 2026 6661,
1400 1953 1553 2018 Tiburtino

197 2048 230 2109 P.
246 2049 365 2130 Sulpicii
388 2049 530 2123 Quirinii,
561 2069 629 2112 cum
659 2052 832 2132 praesertim
862 2070 937 2132 quae
963 2052 999 2113 de
1021 2073 1056 2115 eo
1078 2053 1138 2114 dixi
1160 2056 1237 2136 apud
1260 2055 1440 2118 Richardum
1463 2058 1553 2138 Berg-

198 2169 339 2213 maunum
363 2153 412 2232 (de
435 2153 625 2233 inscriptione
649 2153 750 2216 Latina
773 2155 808 2216 ad
832 2155 863 2216 P.
881 2154 1044 2237 Sulpicium
1068 2156 1234 2242 Quirinium
1258 2161 1418 2222 relerenda.
1463 2162 1554 2224 Bero-

197 2254 364 2316 linirent.
403 2258 432 2316 4.
464 2275 493 2336 p.
510 2261 633 2330 rr-uu)
662 2266 690 2318 et
721 2257 751 2318 in
782 2276 942 2338 paucorum
971 2277 1077 2320 manus
1105 2260 1240 2322 venerint
1265 2269 1295 2322 et
1324 2263 1456 2341 quaestio
1483 2283 1553 2326 sane

196 2377 303 2438 anceps
325 2358 366 2419 ibi
388 2368 508 2440 propter
530 2359 718 2440 epistularem
742 2361 913 2423 brevitatem
938 2362 1031 2442 magis
1054 2363 1226 2425 summatim
1248 2363 1374 2426 iudicata
1397 2366 1436 2427 sit
1463 2387 1552 2447 quam

197 2469 380 2540 pertrectata.

296 2562 427 2625 Ellossus
449 2573 495 2626 est
516 2564 541 2626 is
561 2566 598 2626 de
620 2585 679 2645 quo
701 2565 798 2645 agitur
820 2567 923 2629 titulus
946 2567 1073 2649 scriptus
1095 2568 1201 2631 litteris
1223 2569 1342 2648 optimis
1365 2579 1395 2632 et
1410 2573 1549 2652 pulcher-

197 2666 280 2728 rimis
307 2687 332 2728 a.
351 2668 432 2729 1764
454 2667 563 2729 Tibure
591 2677 672 2730 extra
703 2677 817 2749 portam
841 2669 1004 2732 Romanam
1035 2671 1112 2732 inter
1140 2671 1235 2732 villam
1261 2672 1398 2734 Hadriani
1425 2682 1455 2735 et
1476 2675 1551 2736 viam

197 2771 380 2833 Tiburtinam
411 2771 474 2852 pari
501 2771 537 2833 ab
566 2781 690 2851 utraque
719 2771 880 2834 intervallo.
925 2773 1043 2836 Delatus
1072 2774 1139 2834 inde
1162 2773 1255 2836 Tibur
1281 2774 1311 2834 in
1339 2775 1425 2837 aedes
1447 2777 1554 2839 Boschi

197 2883 298 2956 postea
328 2874 461 2955 pervenit
487 2875 518 2934 in
548 2893 685 2936 museum
708 2874 895 2949 Vaticanum,
925 2876 976 2937 ubi
998 2877 1074 2939 inter
1095 2876 1207 2957 lapides
1229 2894 1289 2938 non
1311 2878 1459 2957 expositos
1483 2879 1552 2940 olim

197 2978 298 3040 inveni
319 2989 349 3040 et
370 2977 514 3059 descripsi
535 2977 590 3040 hac
612 2981 720 3040 forma:

498 3137 745 3220 (secem-QVA
767 3157 774 3171 ·
798 3145 965 3188 6666666
992 3109 1141 3195 W

503 3213 1232 3285 6666666·666661666·666661·56666

501 3301 1227 3366 sveemcsrrouss·slsis-osuesonose

503 3403 569 3444 resr
632 3415 640 3429 ·
699 3397 932 3446 onnaneurs
991 3414 998 3429 ·
1057 3403 1211 3450 rnrvnes

481 3483 1200 3535 eno·consve-asten-rnovrucraume

502 3559 566 3614 nlv
611 3571 1282 3652 -avcvsrrfuprtr--grn-rnuj—srgrs

197 3699 310 3761 Prodiit
335 3699 464 3781 primum
495 3700 525 3760 in
553 3701 679 3763 Novellis
707 3702 885 3766 Florentinis
907 3725 932 3766 a.
951 3709 1031 3770 1765
1055 3727 1083 3788 p.
1101 3706 1162 3768 355
1185 3707 1265 3786 (iude
1288 3705 1393 3767 Donati
1410 3706 1481 3780 464,
1505 3704 1552 3784 3);

198 3802 301 3866 deinde
328 3822 383 3884 pro
410 3803 519 3865 inedito
542 3804 572 3864 in
596 3805 805 3866 Sanclcmentii
827 3826 915 3887 opere
938 3809 974 3870 de
996 3810 1123 3888 vulgaris
1146 3829 1229 3872 aerae
1252 3807 1458 3871 emendatione
1480 3808 1554 3888 (llo-

199 3924 262 3968 mae
286 3905 382 3978 17931
405 3927 433 3988 p.
450 3908 528 3981 414,
561 3908 608 3969 cui
639 3907 795 3987 descripsit
824 3908 912 3972 abbas
935 3911 1025 3986 Sarti;
1054 3911 1180 3992 denique
1210 3932 1245 3975 ex
1268 3911 1447 3992 apographo,
1476 3910 1553 3990 quod

197 4009 379 4090 sumpsimus
403 4011 557 4072 llenzenus
579 4019 609 4072 61
630 4029 683 4090 ego
706 4030 794 4091 opera
816 4011 981 4087 coniuncta,
1004 4014 1081 4093 apud
1098 4014 1316 4093 Bergmannum
1340 4013 1359 4073 l.
1375 4031 1400 4074 c.
1424 4013 1554 4076 611166-

197 4131 301 4174 zcuum
332 4131 362 4174 n.
379 4111 462 4175 5366
492 4113 557 4175 6611.
580 4114 645 4177 666.
668 4135 697 4195 6.
715 4115 786 4177 496.
836 4115 958 4179 Errores
986 4136 1047 4178 non
1076 4117 1116 4179 ita
1143 4118 1253 4180 multos
1282 4115 1417 4197 priorum
1445 4116 1554 4176 referre

197 4217 269 4278 nihil
292 4217 407 4291 attinet,
430 4236 498 4279 cum
521 4217 607 4279 lectio
630 4227 708 4279 certa
732 4218 770 4280 sit
792 4227 822 4280 61
843 4219 1008 4301 perspicua.

297 4320 412 4382 Nomen
439 4321 517 4394 eius,
547 4320 594 4382 cui
623 4320 725 4382 titulus
754 4320 868 4400 positus
890 4323 962 4396 luit,
992 4340 1060 4384 cum
1084 4321 1217 4402 perierit,
1240 4319 1399 4381 ridendum
1421 4336 1495 4380 num
1517 4337 1553 4378 ex

197 4425 295 4485 rerum
324 4423 439 4485 indiciis
469 4443 543 4502 quoe
565 4431 725 4504 supersunt
747 4422 782 4484 de
805 4443 840 4486 eo
863 4424 1029 4488 coniectura
1052 4424 1114 4504 capi
1137 4423 1240 4503 possit.
1286 4423 1364 4485 Sunt
1385 4429 1484 4484 autem
1507 4422 1554 4482 in-

198 4525 270 4587 dicia
293 4533 434 4605 quattuor
455 4526 540 4587 haee:

296 4627 318 4688 l.
351 4628 380 4688 ls
401 4628 437 4688 de
459 4647 518 4707 quo
540 4627 636 4707 agitur
658 4635 774 4708 gentem
797 4627 944 4706 quandam
959 4629 991 4688 in
1006 4635 1181 4708 potestatem
1204 4625 1305 4707 populi
1320 4625 1445 4687 Romani
1468 4624 1554 4687 rede·

198 4727 247 4808 git,
270 4739 390 4811 propter
412 4749 485 4810 quas
507 4749 555 4792 res
577 4739 674 4810 gestas
696 4738 815 4792 senatus
838 4731 883 4792 his
906 4730 1132 4811 supplicationes
1148 4728 1237 4790 indici
1252 4727 1345 4789 voluit
1360 4736 1391 4789 et
1405 4736 1553 4808 praeterea

199 4831 224 4893 ei
246 4833 298 4912 qui
319 4853 368 4895 666
390 4843 520 4913 gesserat
542 4841 714 4896 ornamenta
737 4833 925 4916 triumphalia
947 4832 1083 4896 decrevit.
