3798 5584
799 437 848 504 IV,
869 438 973 494 tt-to
1522 439 1563 503 87

206 619 399 701 temptamina
426 626 527 680 nostra
553 615 650 700 priora
677 627 707 679 et
728 614 888 697 Bergkiana
914 635 1020 699 parum
1047 616 1149 680 felicia.
1172 618 1268 678 —ln
1295 617 1353 678 fine
1375 616 1439 679 eius
1460 634 1564 678 versus

205 742 273 785 cum
297 722 395 786 hiatus
417 721 512 804 capiat
532 721 645 784 litteras
667 740 693 783 c.
708 739 753 794 xv,
776 725 807 782 iis
828 739 862 782 aa
883 719 1070 784 abiciendum
1086 720 1151 784 iuit.
1173 755 1215 764 »-
1236 719 1309 782 Post
1319 714 1456 803 Ῥώμης,
1478 719 1563 782 cuius

203 825 236 887 in
259 844 407 888 marmore
426 832 627 906 agnoscuntur
642 823 790 905 reliquiae,
807 843 875 886 cum
892 833 959 887 octo
974 831 1089 886 tantum
1104 823 1217 887 litterae
1232 823 1377 897 deficiant,
1400 820 1433 896 ἐς
1448 822 1564 885 admitti

204 948 266 992 non
292 939 399 1012 potest.
449 930 499 992 Gr.
522 929 560 991 19
591 928 663 991 item
696 927 879 990 confirmavit
912 928 985 1009 lapis
1017 926 1096 1008 quob
1129 927 1349 990 commendarat
1377 926 1563 988 Burmannus

204 1031 439 1116 ἕπεδεομένων.
484 1032 636 1094 Praeterea
658 1032 862 1113 supplementa
883 1050 948 1093 mea
969 1031 1094 1094 lectione
1117 1031 1229 1113 expleta
1252 1031 1423 1094 conlirmata
1446 1037 1525 1092 sunt.

304 1137 407 1198 Annus
434 1135 580 1198 indicatur
603 1134 674 1196 tat.
718 1135 828 1197 Eodem
851 1135 979 1217 pertinet
1000 1135 1104 1198 titulus
1125 1155 1211 1198 arcus
1233 1134 1427 1197 Ariminensis
1449 1154 1465 1197 a
1487 1135 1561 1197 Bor-

204 1259 314 1304 manno
342 1240 386 1322 (C.
402 1241 424 1302 l.
440 1239 472 1302 L.
488 1240 537 1314 Xl,
561 1239 622 1302 365
644 1267 687 1294 =
709 1239 826 1302 Henaen
850 1239 947 1322 5360)
977 1241 1013 1303 ad
1041 1240 1161 1321 vestigia
1190 1239 1313 1321 abipso
1339 1237 1493 1319 diligenter
1513 1239 1562 1300 in-

202 1353 301 1426 specta
324 1344 363 1407 ita
386 1343 458 1408 scita
481 1343 629 1427 expletus:

585 1491 717 1535 sannaus
803 1504 812 1524 ·
900 1491 1088 1548 rorvtstae
1122 1495 1245 1534 ranam:

270 1569 323 1634 imp
418 1598 426 1614 ·
520 1568 621 1618 camari
715 1565 772 1618 diui
861 1569 889 1635 s.
987 1569 1099 1635 magareta
1179 1569 1240 1634 bap.
1438 1571 1495 1636 rapt

273 1663 332 1709 cos
376 1676 384 1694 ·
428 1664 496 1706 sarr
533 1677 540 1693 ·
578 1663 728 1707 nssrcnnr
764 1676 771 1691 ·
809 1663 961 1709 ocrnvora
1000 1675 1006 1690 ·
1043 1655 1092 1706 vta
1134 1651 1259 1718 flamiam
1330 1657 1356 1704 ot
1372 1652 1494 1718 sabanis

272 1749 497 1794 cssaasnnmns
531 1762 539 1780 ·
574 1750 687 1792 ursiana
720 1761 728 1779 ·
762 1745 836 1794 vrars
863 1763 871 1779 ·
900 1747 1043 1794 consulo
1071 1741 1096 1788 et
1112 1740 1259 1806 mmptrbvs
1280 1742 1334 1791 aios
1350 1752 1493 1795 manirera

200 1872 276 1934 ltcm
308 1869 468 1933 Suetonius
496 1870 581 1949 (hug.
598 1867 653 1949 30)
682 1870 844 1950 desumpta,
871 1869 981 1951 inquit,
1011 1871 1065 1933 ubi
1084 1869 1232 1933 Flaminia
1258 1874 1305 1934 uia
1327 1871 1455 1934 Arimino
1481 1883 1563 1936 tenus

201 1975 358 2037 munienda
383 1974 508 2055 aelianus
530 1973 749 2054 triumphalibus
771 1977 841 2036 uiris
862 1994 877 2036 ε
898 1973 1061 2036 manubiali
1076 1976 1201 2054 pecunia
1223 1975 1390 2038 amundus
1409 1976 1561 2040 distribuit.

201 2078 253 2140 llio
269 2097 387 2158 quoque
403 2077 452 2148 53,
469 2076 509 2137 22
525 2087 681 2159 postquam
697 2077 860 2140 observavit
874 2078 1000 2160 reliquas
1016 2077 1076 2140 vias
1091 2087 1172 2140 extra
1188 2078 1292 2141 urbem
1307 2079 1377 2141 alias
1392 2079 1456 2142 aliis
1472 2100 1561 2144 sena-

201 2182 315 2244 toribus
345 2181 501 2244 attrihutas
528 2201 593 2243 esse
619 2180 791 2243 reficiendas
817 2181 951 2264 ipsorum
977 2181 1114 2263 pecunia,
1141 2182 1197 2265 τῆς
1223 2179 1260 2244 δὲ·
1288 2180 1329 2266 δὴ
1358 2181 1559 2266 Φλαμινίας,

200 2285 310 2368 pergit,
340 2279 456 2360 αὐτός,
485 2281 668 2369 ἐπειδήπερ
698 2281 945 2366 ἐπιστρατεύσειν
974 2283 1022 2349 δι’
1050 2281 1150 2369 αὐτῆς
1177 2284 1327 2367 ἔμελλεν,
1357 2285 1560 2374 ἐπεμελήθη.

201 2388 256 2452 καὶ
287 2383 309 2472 ἤ
331 2385 391 2470 μὲν
413 2381 516 2462 εὐθὺς
535 2385 609 2450 τότε
631 2382 758 2466 ἐγένετο
781 2387 836 2450 nui
859 2388 918 2453 διὰ
938 2389 1035 2453 τοῦτο
1058 2387 1113 2452 nori
1138 2386 1261 2464 εἰκόνες
1283 2384 1372 2476 αὐτῷ
1393 2389 1454 2475 ἐφ’
1477 2389 1561 2478 ἁψί-

201 2490 269 2555 bus
291 2488 328 2554 ἔν
348 2514 383 2554 τε
405 2492 443 2576 τῇ
465 2489 525 2554 τοῦ
544 2487 719 2574 Τιβέριδος
740 2489 868 2576 γεφύρᾳ
883 2491 938 2555 sni
954 2490 990 2556 ἐν
1005 2489 1164 2576 ³Ampium
1180 2489 1406 2578 ἐποιήθησαν.
1436 2496 1563 2579 Propter

201 2598 277 2659 hanc
306 2595 420 2658 viarum
449 2613 550 2658 curam
579 2597 684 2677 opinor
710 2615 764 2678 per
789 2616 814 2659 a.
839 2596 1016 2659 ano—728
1044 2605 1087 2660 tot
1114 2596 1257 2678 triumphi
1285 2598 1341 2661 acti
1369 2609 1453 2675 sunt,
1487 2611 1561 2682 quot

200 2709 351 2782 praeterea
378 2699 459 2762 nullo
487 2709 619 2781 tempore
640 2699 841 2764 inveniuntur.
885 2701 951 2782 lpse
973 2701 1125 2780 Augustus
1147 2701 1320 2764 Flaminiam
1343 2703 1398 2766 sihi
1421 2705 1560 2768 munien-

200 2805 268 2867 dam
298 2802 462 2884 sumpsisse
487 2803 604 2866 videtur
629 2813 749 2885 propter
775 2803 940 2885 triumphos
968 2815 1035 2868 ante
1061 2804 1213 2867 biennium
1241 2815 1337 2881 actos;
1366 2805 1396 2867 C.
1418 2806 1559 2870 Calvisius

202 2908 328 2971 Sabinus
359 2926 419 2969 cos.
441 2927 467 2969 a.
489 2908 564 2982 715,
595 2908 645 2988 qul
670 2907 860 2990 triumpharit
885 2927 911 2969 a.
929 2908 990 2970 726
1013 2927 1048 2969 ex
1070 2907 1209 2988 Hispania
1233 2908 1318 2986 ((1.1.
1342 2909 1374 2970 L.
1394 2910 1450 2993 lp.
1472 2910 1558 2990 478),

200 3013 277 3076 viam
306 3011 440 3074 Latinam
466 3010 568 3073 reiecit
594 3010 639 3090 (G.
654 3011 675 3072 l.
692 3010 724 3072 L.
747 3011 783 3086 X,
807 3010 890 3073 6895
913 3020 983 3088 cet3
1013 3011 1153 3091 Borghesi
1175 3013 1279 3092 opp.5
1301 3032 1330 3093 p.
1348 3012 1431 3092 152).
1454 3011 1559 3076 --De

200 3115 356 3198 pontibus,
379 3134 454 3196 quos
475 3114 640 3177 restituisse
662 3133 694 3176 se
716 3121 803 3193 negat
824 3114 988 3194 Augustus,
1016 3113 1189 3177 notissimus
1211 3125 1257 3178 est
1278 3116 1403 3178 Mulvius
1426 3119 1519 3179 iactus
1542 3137 1558 3180 a

200 3219 238 3282 bl.
262 3219 373 3281 Scauro
394 3237 515 3282 censore
538 3237 568 3280 u.
584 3237 609 3279 c.
630 3218 691 3280 645
715 3217 826 3292 (Victor
848 3238 873 3280 v.
896 3217 936 3278 ill.
954 3217 1009 3292 tm
1036 3218 1133 3279 hmm.
1150 3217 1236 3280 blara.
1253 3218 1303 3294 at,
1327 3219 1356 3294 3,
1380 3219 1421 3299 9),
1449 3239 1558 3283 nomen

201 3334 299 3386 tamen
321 3331 424 3386 nactus
446 3341 463 3384 a
485 3331 619 3385 curatore
641 3321 739 3402 aliquo
761 3321 927 3402 antiquiore
946 3322 984 3383 ad
1004 3321 1171 3402 exemplum
1193 3319 1318 3386 Fabricii
1340 3323 1391 3406 (ci.
1407 3323 1558 3387 Muluiana

200 3431 393 3490 cmnroocrsia
420 3426 478 3488 Cic.
499 3425 535 3488 ad
557 3427 617 3489 att
637 3426 671 3501 2,
701 3426 749 3500 15,
773 3427 815 3502 4).
859 3425 935 3488 Eum
961 3425 1059 3508 ipsum
1082 3436 1301 3507 repraesentare
1323 3428 1419 3491 solent
1440 3428 1557 3490 nummi

199 3531 260 3594 vias
290 3531 326 3593 ab
344 3531 477 3612 Augusto
506 3529 635 3592 munitas
656 3528 869 3611 praedicantes,
900 3528 1010 3592 scilicet
1031 3537 1151 3611 propter
1172 3549 1273 3594 arcum
1295 3551 1416 3596 arousve
1439 3543 1501 3596 tum
1524 3533 1557 3595 iu

199 3636 343 3697 honorem
365 3634 489 3715 Augusti
512 3633 542 3696 in
570 3641 660 3715 ponte
683 3652 717 3695 eo
739 3633 896 3696 collocatos
918 3633 958 3714 (v.
974 3633 1115 3714 Borghesi
1137 3655 1204 3716 opp.
1222 3635 1250 3708 2,
1275 3635 1360 3717 366).
1403 3638 1442 3699 m
1462 3655 1556 3700 novus

199 3739 284 3801 nohis
312 3739 416 3802 accidit
441 3758 517 3820 pons
540 3737 686 3801 llinucius
712 3757 807 3818 neque
830 3737 880 3800 ubi
902 3736 992 3800 luerit
1013 3737 1082 3800 sciri
1103 3747 1217 3819 potest3
1245 3739 1435 3820 probabiliter
1456 3750 1556 3802 nmen

198 3863 267 3906 eum
290 3845 452 3905 referemus
473 3843 509 3904 ad
524 3842 686 3904 Thermum
709 3841 800 3915 illum,
827 3841 862 3903 de
884 3861 944 3922 quo
966 3843 1137 3905 consulatus
1150 3843 1181 3904 in
1196 3863 1221 3906 a.
1238 3844 1299 3906 690
1315 3845 1440 3926 petitore
1455 3843 1556 3907 Cicero

198 3947 301 4010 scribit
322 3947 372 4026 (ad
394 3949 452 4009 litt.
472 3948 498 4021 l,
525 3948 551 4020 1,
574 3945 606 4022 2)
628 3944 675 4008 his
698 3944 811 4006 verbis:
834 3964 915 4008 nemo
937 3955 977 4008 cst
999 3965 1037 4008 ear
1057 3949 1100 4024 iis,
1124 3952 1172 4029 pai
1191 3967 1267 4011 nunc
1286 3958 1396 4029 petunt,
1420 3952 1471 4031 qui
1488 3952 1514 4012 si
1526 3953 1557 4011 in

197 4063 329 4115 noenum
351 4070 460 4114 onnrrm
481 4051 613 4114 canduit
632 4049 745 4132 firmior
768 4051 936 4113 candidatus
958 4052 1023 4131 [ore
1044 4053 1184 4127 vibatur,
1206 4063 1357 4133 propterea
1377 4053 1452 4133 quod
1466 4071 1555 4115 cura-

196 4167 244 4218 tor
265 4166 304 4218 ast
326 4158 388 4218 uiae
409 4153 585 4226 stanuum,
611 4172 684 4235 patae
705 4171 769 4216 cum
791 4156 846 4216 erit
868 4155 1006 4230 absoluta,
1027 4175 1096 4218 sune
1116 4155 1203 4236 [aule
1224 4175 1288 4218 urm
1308 4160 1465 4237 municipia
1486 4175 1555 4219 con-

196 4261 288 4323 sulam
302 4263 438 4340 accipient
453 4259 508 4340 (sio
523 4261 583 4320 lere
598 4257 801 4332 hermannum
815 4261 954 4322 numitori
968 4260 1079 4321 consuli
1090 4261 1242 4324 acuderim
1257 4259 1355 4339 bled.).
1388 4260 1440 4323 Via
1455 4269 1553 4323 autem

197 4363 324 4426 Minucia
350 4363 422 4443 (Cic.
437 4363 473 4425 ad
488 4364 546 4426 nu.
564 4363 593 4437 9,
616 4363 645 4435 6,
670 4363 704 4436 1;
732 4359 831 4424 Horat.
847 4380 892 4442 ep.
911 4364 938 4436 1,
964 4362 1011 4438 18,
1035 4362 1089 4444 20)
1118 4363 1177 4426 huc
1203 4364 1283 4426 nullo
1307 4364 1394 4426 modo
1416 4366 1552 4445 pertinet.
