3798 5584
828 413 881 482 ΠΙ,
902 418 970 472 1-6
1534 418 1574 484 53

223 594 324 676 Neque
347 595 443 658 obstat
463 597 542 677 quod
564 595 666 658 scribit
685 595 802 658 Tacitus
817 616 885 659 ann.
904 599 931 671 1,
947 597 981 658 3:
1004 597 1170 679 (depastae)
1187 595 1290 660 Gaium
1305 606 1331 659 et
1344 595 1463 658 1551555
1486 643 1574 657 .....

223 700 345 761 necdum
363 704 457 780 posito
475 698 585 780 puerili
600 710 754 779 praetento
773 704 915 782 principes
936 705 1089 764 reventere
1110 701 1263 784 appellari,
1290 701 1429 763 destinari
1450 701 1576 763 5555515

222 808 311 882 specie
332 807 490 865 renuonu's
510 803 728 884 stupemusime
750 807 901 886 cupiverat.
938 804 1069 886 Respicit
1090 804 1168 867 enim
1190 805 1290 884 utique
1310 804 1389 886 ipsas
1410 803 1473 866 ilias
1494 803 1576 865 Lucii

223 925 325 990 preces
348 906 410 968 sine
433 905 521 969 dubio
544 906 580 968 ad
603 915 748 970 secretum
771 910 863 988 patris
885 909 1031 971 monitum
1065 908 1193 990 prolatas
1228 908 1309 970 etin
1332 909 1387 970 hcc
1408 907 1574 988 Augustum

223 1010 428 1092 reprehendit,
456 1010 534 1090 quod
564 1011 599 1072 de
627 1012 782 1073 consulatu
815 1013 861 1074 vel
887 1021 955 1074 ante
988 1021 1168 1094 praetextam
1202 1011 1364 1094 depositam
1392 1011 1451 1074 filio
1479 1012 1575 1074 dando

223 1115 321 1177 verbis
342 1133 490 1188 recusans,
518 1133 550 1176 re
578 1115 728 1196 proposito
756 1118 856 1178 favens
886 1118 916 1178 in
943 1124 1047 1179 senatu
1074 1117 1179 1197 egerit,
1205 1135 1264 1178 non
1295 1116 1352 1177 hoc
1377 1114 1449 1178 dicit
1476 1116 1573 1197 ipsum

223 1218 409 1282 consulatum
432 1227 611 1302 praetextato
638 1219 664 1280 ci
686 1219 816 1282 dandum
843 1239 969 1283 curasse.
1014 1219 1123 1282 Consul
1148 1219 1246 1300 itaque
1269 1219 1439 1300 designatus
1460 1218 1575 1281 ridetur

222 1344 288 1387 esse
311 1324 399 1386 Gaius
421 1343 447 1385 a.
464 1325 534 1398 749,
558 1323 665 1400 Lucius
686 1343 712 1386 a.
729 1324 799 1399 752,
827 1325 938 1405 legibus
967 1326 1002 1387 dc
1028 1333 1184 1405 quaestura
1206 1333 1236 1386 et
1256 1332 1392 1405 praetura
1414 1333 1481 1385 aute
1503 1342 1575 1385 con-

223 1429 351 1492 sulatum
382 1426 575 1509 suscipiendis
605 1426 694 1488 soluti
721 1427 837 1489 decreto
864 1437 999 1503 senatus,
1033 1427 1122 1490 creati
1144 1437 1242 1492 autem
1269 1447 1286 1489 a
1312 1428 1420 1510 populo
1442 1428 1574 1490 Romano

222 1534 273 1614 (ct.
289 1531 463 1594 Stooterecdt
485 1529 514 1604 2,
537 1529 621 1606 882),
644 1550 703 1611 quo
726 1539 857 1612 tempore
880 1531 996 1594 comitia
1019 1530 1182 1594 consularia
1210 1530 1274 1593 fieri
1299 1531 1445 1604 solebant,
1473 1548 1574 1593 mense

222 1647 256 1698 ut
282 1633 929 1718 50555115551815555555115560),
959 1655 1018 1698 uon
1046 1645 1080 1698 ut
1106 1635 1154 1697 alii
1183 1636 1287 1716 privati
1317 1637 1347 1698 in
1377 1634 1574 1697 1515555555

221 1739 379 1822 proximas,
402 1739 452 1801 sed
474 1737 505 1798 in
521 1738 550 1799 1.
566 1737 714 1799 lanuarias
736 1737 862 1818 quintas,
885 1738 914 1800 id
936 1748 982 1800 est
996 1739 1085 1801 Gaius
1106 1739 1137 1800 in
1160 1757 1185 1800 a.
1201 1740 1273 1813 754,
1296 1758 1355 1819 quo
1377 1737 1442 1800 iniit
1465 1756 1574 1800 consu-

220 1845 314 1905 latum
336 1860 446 1904 annum
470 1840 512 1904 sic
534 1850 568 1903 ut
586 1849 668 1922 pater
689 1840 836 1921 quondam
858 1859 947 1923 agens
969 1841 1151 1918 vicesimum,
1174 1842 1281 1904 Lucius
1303 1842 1373 1903 ina.
1391 1843 1462 1915 757,
1484 1861 1573 1922 quem

220 1947 406 2008 consulatum
440 1944 599 2026 quominus
631 1943 718 2006 iniret
749 1963 830 2008 mors
863 1945 978 2009 obstitit
1003 1945 1139 2008 eveniens
1166 1945 1212 2008 die
1238 1946 1310 2027 Aug.
1327 1945 1368 2007 20
1391 1964 1415 2006 a.
1433 1946 1503 2006 755.
1531 1981 1574 1990 -

219 2049 263 2111 Ex
293 2048 468 2112 testimoniis
494 2049 655 2122 honorum,
682 2066 757 2128 quos
787 2048 864 2111 tituli
886 2048 1061 2130 nummique
1083 2049 1279 2131 suppeditant,
1308 2050 1419 2130 reliqua
1443 2057 1573 2130 tempore

218 2153 399 2236 praecedunt
419 2152 469 2233 qui
489 2161 622 2232 repertus
637 2161 682 2214 est
704 2151 818 2214 Soriani
832 2171 923 2234 prope
937 2152 1088 2216 viterbum
1105 2152 1209 2216 titulus
1224 2153 1356 2216 nondum
1371 2152 1476 2228 editus,
1500 2152 1573 2216 mihi

218 2269 310 2320 notus
331 2276 367 2319 ex
389 2255 505 2318 Oderici
529 2255 644 2318 schedis
667 2256 848 2320 Genuatibus
870 2259 890 2318 1.
916 2259 955 2318 14
976 2257 1015 2320 ita
1038 2258 1242 2340 conceptus¹):

241 2420 263 2456 0.
281 2416 621 2460 οΑ05Α111·Α116·Ρ·1)·Ν
709 2416 768 2458 tur
797 2427 806 2445 ⁰
836 2417 985 2460 CAESAR!
1018 2430 1025 2445 ·
1053 2417 1126 2459 mvl
1154 2430 1161 2445 ·
1188 2417 1204 2458 F
1269 2418 1551 2462 benesntumvom

271 2503 402 2560 pONTiF·
419 2501 478 2546 COS
493 2515 501 2533 ⁰
515 2501 623 2545 ceston
708 2501 771 2543 Avo
783 2515 791 2530 ·
804 2502 885 2545 PONT
901 2517 908 2532 ·
924 2503 1023 2545 ΜΑΧΙΜ
1039 2515 1047 2530 ·
1063 2503 1122 2547 COS
1137 2515 1146 2534 0
1161 2504 1201 2545 xu
1338 2504 1400 2546 mvl
1413 2518 1420 2533 ·
1433 2505 1488 2548 ΝΕΡ

271 2587 622 2644 prrNc1r1·tszTvu
707 2588 773 2629 Tuus
786 2602 792 2618 ·
805 2588 955 2632 POTESTAT
967 2603 974 2618 ·
986 2590 1027 2632 1111
1039 2602 1046 2617 ·
1060 2591 1109 2632 ud?
1122 2609 1126 2617 ·
1141 2589 1202 2632 111111

561 2673 788 2716 Ρ·5ΕΙ161118·
873 2676 910 2716 P·
996 2675 1032 2716 F·
1108 2674 1432 2754 11117115ΜΑῢἿΤΕΚ

562 2759 791 2802 Τ·ΒΙ1ΑΕΤΙ115
870 2761 909 2801 Τ·
995 2761 1031 2802 F·
1108 2760 1243 2804 RVFVS

463 2845 531 2900 poet
545 2857 552 2872 ·
566 2833 713 2887 srettnruu
726 2859 733 2872 ·
746 2846 843 2888 OEEDEM
857 2857 865 2876 ⁸
878 2847 913 2889 ΕΤ
926 2858 932 2874 ·
945 2847 1035 2890 ΕΙΕΝΑ
1047 2857 1055 2875 ·
1068 2847 1107 2888 DE
1119 2857 1127 2875 ·
1139 2845 1196 2912 SVA⁴
1208 2860 1215 2875 ·
1229 2846 1356 2890 PECVNIA
1369 2859 1377 2877 ·
1389 2847 1551 2890 uenenvm

214 2992 246 3046 et
272 2981 388 3044 nummi
415 2981 474 3045 duo
502 2983 563 3044 cusi
591 2983 628 3044 ab
655 2981 759 3045 iisdem
787 2983 915 3046 duoviris
943 2983 1219 3064 caesaraugustanis
1247 2981 1348 3064 (Heiss
1370 2987 1516 3046 monaedes
1537 2985 1570 3046 de

213 3087 365 3167 t’uspapo
387 3105 415 3166 p.
432 3085 494 3147 200
517 3105 546 3146 n.
564 3086 593 3148 9.
611 3087 663 3162 10)
690 3086 825 3168 inscripti
847 3087 920 3149 alter
941 3091 1008 3168 emp.
1031 3088 1173 3168 depastus
1195 3087 1255 3149 divi
1273 3089 1308 3168 s,
1331 3087 1398 3149 trid.
1416 3096 1504 3167 potes.
1521 3107 1570 3160 xx,

216 3189 464 3270 5115555155.
488 3223 530 3235 —
550 3189 581 3250 1.
600 3188 678 3252 Caes.
701 3226 743 3236 -
769 3189 799 3252 0.
819 3189 898 3253 Caes.
914 3210 968 3253 cos.
992 3193 1057 3265 des,
1081 3189 1182 3271 scripti
1211 3200 1241 3253 et
1266 3189 1315 3250 ille
1336 3198 1368 3251 et
1387 3189 1417 3251 hi
1440 3190 1568 3252 secundo

216 3292 353 3356 semestri
386 3311 411 3354 a.
437 3293 497 3355 750
531 3301 598 3355 aute
631 3311 719 3374 quam
754 3293 786 3355 L.
811 3294 916 3357 Caesar
948 3296 1051 3358 consul
1085 3293 1253 3374 designatus
1287 3300 1332 3354 est
1369 3300 1399 3354 et
1434 3292 1568 3374 princeps

212 3394 375 3459 iuventutis
408 3395 587 3459 nominatus.
641 3395 751 3459 deinde
790 3416 932 3462 nummus
970 3399 1101 3461 urbanus
1134 3396 1293 3478 inscriptus
1325 3397 1362 3460 ab
1395 3416 1453 3459 una
1485 3405 1569 3479 parte

219 3501 276 3564 sic:
301 3499 409 3563 Ccesor
423 3501 574 3582 depastus,
598 3502 658 3564 deiri
670 3503 706 3582 [a
719 3512 803 3582 poter
815 3506 936 3583 petrice
959 3502 996 3563 ab
1010 3501 1100 3564 altera
1115 3500 1170 3562 sic:
1195 3497 1273 3561 01.
1291 3499 1435 3572 Caesares,
1451 3501 1571 3581 Aoqttste'

213 3607 250 3686 s,
271 3622 325 3666 cos.
346 3603 441 3682 deep,
460 3607 552 3684 princ.
575 3608 680 3668 iuvent.
705 3602 826 3680 (Eokhel
849 3604 877 3678 6,
904 3604 990 3679 171),
1018 3623 1107 3666 55555
1135 3611 1181 3665 est
1207 3603 1285 3666 inter
1311 3602 1568 3676 5752115555,

215 3727 275 3788 quo
297 3707 447 3787 Augustus
476 3715 559 3788 pater
585 3706 695 3788 patriae
718 3707 879 3787 appellatus
901 3713 955 3780 est,
978 3715 1008 3769 et
1028 3726 1055 3768 a.
1076 3705 1136 3769 753
1159 3706 1226 3768 Dec.
1249 3705 1303 3779 31,
1332 3726 1390 3787 quo
1413 3707 1443 3769 C.
1464 3705 1569 3768 Caesar

215 3810 319 3873 consul
342 3808 511 3890 designatus
533 3828 598 3871 esse
619 3808 714 3871 desiit
751 3809 795 3869 Ex
817 3808 910 3870 titulis
932 3809 1015 3871 alteri
1036 3809 1097 3872 utri
1123 3808 1262 3871 dedicatis
1285 3827 1344 3871 non
1366 3809 1489 3871 laudabo
1511 3809 1568 3870 nisi

213 3913 467 3976 Nicomediensem
490 3931 585 3994 nuper
599 3921 749 3994 repertum
767 3911 812 3990 (C.
827 3912 849 3975 1.
865 3912 997 3974 151115.
1013 3912 1103 3993 323):
1126 3912 1156 3973 t.
1177 3911 1297 3976 Caesari
1310 3911 1568 3993 155155011115),

215 4020 358 4099 nuptura),
381 4017 541 4095 5500515151
564 4015 733 4098 5155095515)
750 4016 866 4097 550555)
881 4016 975 4096 amic)
998 4037 1080 4088 555,
1099 4018 1237 4097 pnidoepi
1255 4015 1418 4092 irremotis]
1434 4023 1465 4077 et
1479 4015 1567 4076 urba-

213 4140 288 4184 num
311 4121 358 4196 Vl,
375 4121 446 4194 900,
469 4121 520 4202 qui
534 4121 667 4202 quamvis
683 4121 826 4203 principio
841 4129 946 4194 careat,
970 4120 1101 4183 eiusdem
1117 4119 1156 4182 sit
1170 4137 1290 4181 necesse
1305 4127 1363 4181 est:
1388 4164 1437 4180 ...
1461 4119 1567 4199 [51515-

214 4227 467 4306 deprimuntque,
489 4224 652 4306 o[uq(urr)l,
674 4243 755 4306 quem
770 4243 825 4287 cos.
837 4225 961 4306 popolus
983 4228 1089 4287 creoort
1111 4221 1228 4303 cordos)
1250 4220 1377 4300 omium)
1396 4241 1479 4294 555,
1503 4223 1567 4299 [se]-

214 4341 301 4393 ootos
320 4341 346 4392 et
365 4327 489 4410 popolus
504 4328 660 4400 11555555,
682 4337 802 4410 propter
816 4337 940 4391 aetatem
956 4327 1141 4410 adscriptam,
1164 4345 1238 4406 quae
1253 4325 1353 4389 eadem
1375 4333 1521 4406 astatque
1536 4326 1566 4387 in

213 4441 408 4498 monumento
429 4431 592 4515 Ancyrauo.

316 4682 337 4750 ¹)
359 4681 450 4734 1115155
473 4683 539 4734 55111
561 4683 708 4735 indicantur
724 4681 910 4750 tradunturque
927 4680 972 4746 1,1
996 4691 1121 4736 cursant
1138 4707 1170 4717 -
1188 4677 1223 4744 11,
1243 4682 1255 4733 1
1276 4690 1399 4734 coeunt
1417 4706 1450 4717 -
1468 4675 1500 4730 111
1517 4693 1566 4728 uno

214 4785 296 4822 verm
323 4780 385 4822 555
399 4791 405 4807 ·
417 4781 474 4824 uer
484 4792 493 4812 ·
505 4781 522 4823 ι
534 4793 541 4809 ·
554 4779 677 4825 cossam
690 4791 697 4810 ·
709 4781 772 4824 avc
785 4791 793 4810 ·
805 4780 822 4822 5
834 4785 862 4833 ·;
888 4767 914 4820 in
942 4767 1095 4835 subscdptio
1119 4765 1134 4818 t
1156 4778 1192 4819 rs
1204 4789 1213 4808 ·
1226 4776 1367 4820 5555555
1393 4794 1426 4804 -
1453 4764 1468 4814 3
1494 4773 1566 4818 nor·

213 4867 369 4914 snsrmnm
391 4867 522 4911 mansu.
