3798 5584
817 397 850 465 v,
873 401 975 453 10-14
1508 402 1569 467 103

217 595 270 657 per
292 577 324 636 P.
342 576 502 658 Sulpicium
526 576 693 650 Quirinium
717 577 853 652 domitos,
880 597 936 658 qua
960 578 995 640 de
1018 578 1201 660 expeditione
1224 579 1337 640 dicetur
1358 579 1389 640 in
1411 579 1571 660 appendice

217 679 252 740 de
286 679 372 742 titulo
399 681 522 753 Quirinii
550 681 721 755 Tiburtino,
749 681 800 742 sed
828 682 884 743 iam
916 691 1000 745 antea
1022 683 1161 745 Romanis
1189 683 1407 764 quodammodo
1437 693 1571 763 parentes

216 783 272 845 boc
293 784 358 845 luco
379 784 545 863 Augustum
568 783 727 864 respexisse
749 802 809 846 nou
832 783 1015 847 crediderim.
1037 821 1079 830 —-
1101 786 1142 849 lle
1165 786 1263 867 Syriae
1285 785 1394 848 finibus
1414 786 1479 848 vide
1497 806 1571 865 quae

216 887 343 948 diximus
366 907 395 968 p.
414 887 473 949 106
503 888 538 949 de
568 887 751 968 expeditione
773 887 903 950 Arabica.
926 925 967 933 -
989 889 1103 952 Africae
1131 891 1205 951 imes
1231 889 1346 951 rettulit
1368 889 1459 969 magis
1481 909 1568 969 quam

215 990 338 1071 protulit
359 991 508 1070 Augustus
530 990 670 1053 divisione
692 995 765 1054 lacta
788 1012 813 1053 a.
837 991 899 1054 729
921 1012 988 1055 cum
1011 1013 1078 1074 rege
1093 994 1178 1067 luba;
1201 993 1252 1056 sed
1274 1011 1309 1054 eo
1332 992 1462 1073 principe
1484 1012 1569 1054 cout-

215 1094 314 1175 plures
342 1095 531 1174 proconsules
557 1095 588 1156 iu
611 1095 705 1157 Africa
727 1094 802 1157 felici
825 1105 931 1157 eventu
954 1106 1131 1177 pugnarunt,
1154 1097 1187 1159 L.
1204 1095 1396 1177 Sempronius
1418 1097 1570 1159 Atratinus

214 1198 265 1276 qui
287 1217 323 1258 ex
344 1217 377 1258 ea
401 1198 592 1278 triumphavit
613 1197 638 1259 a‘.
652 1199 712 1261 733
737 1203 775 1274 (v.
797 1200 827 1261 C.
850 1199 871 1259 l.
892 1199 924 1260 L.
940 1200 963 1262 l.
981 1221 1009 1282 p.
1023 1202 1095 1264 461.
1111 1200 1202 1281 478);
1224 1200 1256 1262 L.
1278 1200 1430 1262 Cornelius
1453 1199 1569 1274 Balbus,

214 1301 264 1380 qui
293 1301 363 1362 item
387 1320 423 1362 ex
444 1321 477 1362 ea
501 1301 692 1383 triumphavit
713 1323 738 1363 a.
760 1301 821 1364 735
844 1304 883 1384 (r.
906 1324 981 1385 quae
1003 1305 1139 1368 dicentur
1159 1305 1190 1367 in
1213 1324 1278 1385 app.
1303 1304 1338 1365 de
1362 1304 1447 1366 titulo
1462 1304 1570 1365 'libur-

215 1403 309 1476 tinol;
332 1405 363 1465 L.
379 1404 534 1466 Passienus
557 1405 651 1467 nurus
673 1407 775 1468 consul
795 1427 820 1468 a.
838 1409 898 1470 750
922 1411 1023 1489 (supra
1046 1430 1074 1490 p.
1093 1407 1162 1488 18);
1185 1407 1294 1469 Cossus
1317 1406 1470 1468 Cornelius
1492 1406 1570 1468 len-

216 1508 295 1568 tulus
317 1509 421 1570 consul
442 1528 468 1570 a.
485 1509 545 1569 753
569 1509 652 1588 (vett.
668 1509 697 1582 2,
723 1512 799 1585 1163
822 1511 926 1573 Florus
949 1511 978 1585 2,
1001 1511 1039 1573 31
1065 1511 1236 1591 [4,12,40]
1259 1520 1289 1572 et
1310 1511 1376 1572 iude
1393 1510 1516 1572 Orosius
1539 1511 1569 1584 6,

214 1610 345 1690 21,18).
389 1611 479 1674 Recte
500 1612 589 1692 igitur
609 1614 773 1694 procedunt
794 1634 868 1695 quae
890 1615 926 1676 de
949 1635 979 1677 se
1001 1616 1141 1677 hocloco
1164 1614 1310 1695 praedicat
1331 1613 1500 1695 imperator.

236 1911 300 1955 etr.
317 1896 346 1966 5,
363 1915 389 1956 ro
404 1915 426 1957 n
458 1895 563 1956 Gallias
591 1904 621 1958 et
644 1894 806 1978 Hispafniis
828 1896 980 1977 prdviciaile
1003 1895 1066 1975 (sie)
1095 1906 1121 1958 et
1145 1893 1329 1958 Geunoniom
1355 1916 1412 1977 pua
1437 1897 1570 1974 incluldit

406 2017 430 2060 ra
457 2001 583 2061 oceanus
606 2020 622 2061 a
644 1999 772 2061 Gidibus
795 2001 830 2062 ad
854 1999 972 2078 dstilum
994 1999 1075 2062 Albis
1097 2000 1235 2077 llirmlinie
1254 2002 1376 2079 pocomi.

247 2100 428 2172 cn.14‚t⁵
458 2097 620 2175 Γαλατίας
649 2101 705 2163 καὶ
725 2099 919 2184 ‘ruricolae
948 2099 1071 2186 ὁμοίως
1096 2100 1134 2165 δὲ
1161 2103 1216 2164 καί
1243 2103 1428 2184 Γερμανίαν
1454 2103 1568 2176 καθώς

384 2223 429 2264 er
453 2199 614 2290 'Maeotide
642 2205 823 2285 περικλείεο
847 2201 935 2284 ἀπ[ὸ]
962 2202 1152 2286 ΓαδείίρῙων
1173 2200 1270 2287 μέχρι
1293 2201 1456 2287 στόματος
1475 2202 1567 2288 tut-

454 2308 528 2387 βίος
549 2309 713 2390 monopolii
735 2307 780 2387 ἐν]
801 2301 912 2390 εἰρήνη
936 2308 1002 2385 (sic)
1025 2305 1215 2390 κατέστησα.

212 2437 297 2510 Quod
320 2437 349 2497 in
371 2437 468 2518 priore
490 2437 618 2500 editione
638 2458 808 2520 posueram:
828 2441 983 2520 prociciols
1003 2440 1039 2502 ob
1061 2458 1094 2500 eo
1114 2446 1206 2519 porte,
1228 2457 1284 2518 ηοο
1306 2456 1354 2500 eoa
1376 2439 1470 2516 ollurlt
1485 2457 1565 2501 ocen-

212 2560 276 2612 nus‚
301 2586 349 2600 ...
371 2543 499 2622 [pocomi
521 2541 604 2604 aliter
619 2551 648 2604 et
664 2542 768 2602 melius
784 2541 905 2602 omnino
920 2543 1061 2604 formarat
1077 2540 1287 2602 llirscbleldius
1303 2541 1422 2614 (comm.
1439 2542 1567 2604 Momm·

212 2643 323 2705 senian.
346 2664 374 2724 p.
390 2645 488 2721 tante
499 2647 672 2726 provinciola
693 2657 776 2726 otqru
797 2655 884 2706 totum
906 2661 986 2706 orom
1008 2663 1094 2726 poem
1108 2645 1208 2721 ombilt
1223 2663 1354 2717 oceanus,
1438 2646 1565 2724 [poeout],
1691 2665 1696 2684 ’

212 2748 319 2809 Graeca
342 2748 436 2809 versio
459 2749 514 2809 iam
539 2749 650 2829 expleta
673 2749 712 2810 ita
734 2747 933 2819 confirmavit,
964 2757 997 2808 ut
1018 2747 1190 2809 Germaniae
1219 2747 1399 2809 mentionem
1429 2747 1564 2810 adiceret.

214 2851 353 2930 llerglrius
383 2871 558 2933 magnopere
584 2872 601 2913 a
627 2871 697 2913 veru
724 2850 868 2912 aberravit
889 2850 1047 2912 emendans
1069 2850 1100 2911 in
1123 2849 1247 2912 latinis:
1272 2855 1434 2932 procliuius
1454 2856 1566 2931 penitus

208 2959 321 3034 poeoui,
344 2965 369 3016 et
390 2956 508 3018 ultimus
530 2966 569 3018 est
591 2974 712 3019 oceanus
735 2976 753 3017 o
777 2953 903 3017 Gadibus
924 2954 963 3014 od
986 2959 1086 3016 ostrum
1107 2955 1182 3015 lton
1196 2953 1325 3032 fluminis
1340 2955 1470 3028 domolus,
1494 2955 1562 3015 item

211 3057 242 3118 io
270 3058 386 3120 Graecis
413 3061 583 3140 imperfecte
611 3070 675 3123 tum
705 3059 782 3121 notis
811 3055 846 3120 ex
870 3076 1013 3132 xoeos,
1038 3066 1071 3120 ut
1094 3067 1156 3119 tum
1179 3057 1329 3137 legebatur
1349 3076 1403 3138 pru
1426 3075 1565 3130 xoeos,

211 3161 339 3222 efficiens
364 3158 519 3240 [ἔσ]χασος
537 3158 696 3236 Ὠκεανός.

311 3265 470 3344 Postquam
484 3251 529 3327 ¹de
552 3267 659 3328 linibus
681 3267 774 3328 auctis
797 3267 878 3340 dixit,
901 3265 995 3346 pergit
1016 3265 1153 3346 princeps
1175 3282 1319 3344 exponere
1342 3263 1377 3325 de
1393 3263 1562 3344 regionibus

211 3367 287 3428 intra
317 3367 472 3450 imperium
501 3371 720 3450 comprehensis
744 3390 795 3432 sua
818 3389 905 3451 opera
928 3367 1050 3450 pacatis,
1078 3368 1220 3449 incipieus
1242 3387 1258 3429 a
1281 3367 1380 3429 Galliis
1403 3367 1564 3447 llispauiis-

211 3491 268 3550 que
297 3482 327 3532 et
349 3461 636 3552 Ge1·menia,'quom
665 3493 752 3555 supra
775 3475 832 3534 iam
857 3474 984 3535 diximus
1007 3472 1076 3533 binc
1099 3471 1225 3532 maxime
1247 3488 1385 3551 apparere
1408 3471 1443 3530 ad
1466 3470 1562 3533 lllbim

211 3595 304 3654 usque
327 3576 363 3636 ab
385 3575 515 3655 Augusto
537 3595 590 3656 pro
613 3586 694 3657 parte
711 3577 824 3658 imperii
846 3577 972 3639 habitam
989 3595 1063 3638 esse.
1101 3573 1306 3655 Hispaniarum
1323 3577 1563 3636 commemoratio

209 3679 337 3758 pertinet
357 3679 545 3760 potissimum
568 3682 604 3741 ad
628 3681 733 3743 bellurn
756 3681 972 3744 Cantabricum.
1009 3680 1041 3741 ln
1063 3677 1162 3740 Galliis
1184 3677 1322 3757 cogitavit
1343 3677 1420 3738 inter
1442 3677 1512 3738 alias
1528 3677 1563 3738 de

211 3781 444 3861 expeditionibus
466 3783 497 3844 C.
520 3782 678 3846 Carrinatis
699 3785 838 3846 adversus
862 3783 1000 3854 Morinos,
1023 3801 1058 3844 ex
1080 3801 1138 3861 qua
1161 3781 1374 3861 triumphatum
1398 3789 1442 3842 est
1458 3799 1483 3841 a.
1501 3779 1563 3842 726

209 3885 263 3947 lul.
282 3887 330 3960 14,
346 3893 375 3948 et
390 3886 427 3947 M.
443 3885 592 3948 Messallae
607 3889 747 3950 adversus
761 3886 932 3966 Aquitanos,
955 3903 991 3945 ex
1006 3903 1063 3964 qua
1078 3883 1149 3946 item
1165 3884 1378 3965 triumphatum
1401 3891 1444 3945 cst
1459 3901 1485 3944 a.
1502 3883 1562 3945 727

212 3991 291 4070 Sept.
308 3990 358 4052 25.
396 3990 582 4053 Germanicas
600 3991 726 4074 Augusti
748 3988 947 4072 expeditiones
970 4006 1029 4050 non
1053 4006 1128 4067 opus
1150 3996 1196 4049 est
1216 3988 1273 4076 buc
1294 3987 1358 4049 loce
1381 4005 1562 4049 enumerare.

231 4215 295 4257 tor.
312 4198 341 4270 5,
359 4216 385 4260 ra
399 4215 426 4258 re
454 4196 546 4276 [Alpes
568 4215 586 4258 o
606 4199 735 4278 relgidne
758 4199 799 4272 ei,
822 4217 897 4278 quae
919 4196 1051 4278 proxima
1074 4202 1120 4256 est
1142 4193 1296 4255 Hablridnd
1320 4195 1403 4268 mari,
1426 4193 1474 4272 [od
1490 4193 1562 4256 Tus-

401 4319 426 4363 rt
453 4321 518 4362 cnm
537 4307 642 4381 potori
659 4303 725 4382 secli
747 4303 818 4364 nulli
842 4303 920 4382 genti
943 4300 1019 4362 bello
1041 4318 1094 4380 per
1116 4297 1252 4360 iniuriam
1273 4295 1395 4379 liuline.
1419 4300 1436 4372 ᾗ

243 4421 287 4464 on.
306 4406 354 4478 14,
378 4425 391 4467 r
412 4425 426 4468 o
445 4401 572 4486 Ἀλπης
584 4408 645 4484 (sir)
658 4400 726 4468 ἀπὸ
747 4403 752 4488 Ι
772 4403 926 4488 κλίματος
942 4403 1001 4465 τοῦ
1017 4399 1160 4483 πλησίον
1174 4401 1310 4462 Είονίοο
1326 4397 1452 4462 κόλπου
1467 4402 1561 4482 μέχρι

413 4527 426 4570 ο
459 4505 668 4592 Τορίρηνικῆς
703 4505 874 4592 θαλάσσης
906 4501 1138 4590 είρηνεύεσθαι
1174 4500 1344 4587 πεπόηαα,
1378 4505 1413 4584 [5]
1453 4497 1563 4565 οὐδενὶ

400 4629 427 4672 ru
455 4609 460 4681 l
483 4609 578 4674 ἔθνει
600 4609 724 4686 ἀδίκως
746 4607 982 4690 ἐπενεχθέντος
1005 4605 1161 4688 πολέμου.
1185 4609 1221 4686 [5]

211 4712 303 4794 Caput
324 4713 381 4775 boc
395 4714 445 4792 qui
465 4724 532 4776 ante
549 4735 597 4777 me
612 4725 775 4777 tractarunt
789 4715 864 4776 male
879 4712 1076 4775 confuderunt
1090 4731 1157 4773 cum
1174 4711 1373 4793 praecedente,
1389 4711 1419 4772 iu
1435 4729 1561 4770 nnnnz

210 4817 297 4878 latere
320 4826 458 4897 putantes
478 4818 575 4880 Albim
598 4818 730 4880 lluvium.
775 4817 816 4878 dd
840 4818 961 4891 Graeca,
985 4834 1059 4896 quae
1081 4823 1165 4876 autea
1187 4815 1324 4895 pleraque
1345 4812 1481 4886 latebant,
1503 4813 1562 4874 iam
