3812 5580
369 480 430 545 130
960 476 993 544 V,
1012 480 1046 532 44
1057 479 1118 532 Ι-49

367 659 513 733 τοιοῦτος
618 659 695 722 καθ’
719 654 802 741 ήμάς
827 658 868 731 (id
890 665 936 719 est
958 666 1025 739 post
1047 678 1072 720 a.
1097 678 1124 719 u.
1148 678 1173 719 ο.
1196 657 1271 732 690,
1296 660 1332 719 ci.
1356 657 1441 719 Niese
1465 657 1493 718 in
1517 657 1643 719 llernaae
1666 659 1722 719 rol.

368 764 404 826 13
428 783 456 845 p.
473 765 512 826 33
529 767 603 845 seq.)
625 759 642 827 ὁ
666 763 712 846 τῷ
728 763 916 843 Βορεδίστᾳ
939 758 1113 832 θεσπίζων
1130 763 1308 833 Δεκαίνεος
1330 769 1359 822 et
1387 763 1415 834 7,
1433 760 1497 835 3‚5
1521 781 1548 842 p.
1565 761 1644 823 298:
1668 755 1724 823 ὅτε

365 871 568 950 Βνρεβίστας
597 861 671 950 ἦρχε
693 867 758 927 τῶν
784 865 906 939 Γετῶν,
935 861 986 945 ἐφ’
1010 859 1047 926 ὃν
1070 860 1131 946 ήδη
1150 860 1420 945 παρεσκευάσατο
1448 868 1578 946 Καῖσαρ
1600 859 1618 927 ό
1641 864 1725 936 θεὸς
1807 880 1815 894 ·

364 967 563 1053 στρατεύειν,
583 965 760 1042 Δεκαίνεος
783 969 849 1047 εἶχε
871 965 991 1050 ταύτην
1006 966 1064 1050 τήν
1078 964 1177 1050 τιμήν
1192 969 1250 1044 (dei
1266 967 1388 1038 scilicet)
1405 978 1436 1029 et
1451 969 1479 1040 7,
1496 967 1525 1040 3,
1546 969 1581 1027 11
1600 987 1628 1048 p.
1645 967 1723 1030 303:

362 1075 427 1136 τῶν
455 1073 492 1136 δὲ
523 1076 629 1136 Γετῶν
659 1073 698 1134 τὰ
726 1072 786 1155 μέν
815 1068 942 1133 παλαιοὶ
970 1067 1148 1153 ἀφείσθω,
1175 1071 1216 1133 τὰ
1244 1069 1272 1133 δ’
1300 1070 1348 1144 είς
1377 1065 1464 1154 ἡμᾶς
1493 1067 1555 1154 ήδη
1584 1071 1725 1133 τοιαῦτα

363 1173 496 1260 ι’·πήρξε.
531 1180 751 1259 Βοιρεβίστας
774 1171 854 1257 ἀνήρ
880 1176 909 1236 Γ
906 1177 978 1258 έτης
1000 1173 1140 1249 ἐπιστὰς
1162 1169 1220 1238 ἐπὶ
1238 1172 1297 1258 τήν
1312 1174 1370 1237 τοῦ
1385 1172 1505 1249 ἔθνους
1520 1173 1725 1240 ἐπιστασίαν

363 1277 501 1362 ἀνέλαβε
521 1281 764 1361 κεκακωμένους
786 1276 861 1351 τοὺς
885 1271 1087 1358 ἀνθρώπους
1109 1275 1176 1342 ὑπὸ
1200 1278 1326 1358 συχνῶν
1349 1276 1506 1362 πολέμων
1528 1279 1582 1341 καὶ
1606 1281 1727 1342 τοσοῦ-

362 1407 418 1450 τον
451 1385 571 1468 έπήρεν
604 1377 743 1465 ἀσκήσει
776 1381 829 1443 καὶ
860 1377 959 1463 νήψει
988 1379 1043 1442 καὶ
1071 1381 1116 1462 τῷ
1145 1383 1321 1463 προσέχειν
1352 1392 1423 1454 τοῖς
1456 1379 1725 1465 προστάγμασιν,

363 1485 440 1552 ῶσι’
463 1485 583 1566 ἀλίγων
607 1486 687 1549 ἐτῶν
709 1482 852 1568 μεγάλην
875 1480 976 1567 ἀρχήν
998 1481 1219 1566 κατεστήσατο
1242 1484 1295 1544 καὶ
1313 1486 1377 1546 τῶν
1392 1481 1523 1568 ὁμόρων
1537 1486 1612 1560 τοός
1628 1485 1725 1549 πλεί-

362 1607 458 1663 στους
480 1584 621 1660 ὑπέταξε
644 1597 714 1662 τοῖς
732 1588 856 1661 Γέταις.
895 1585 953 1670 ήδη
977 1587 1014 1650 δέ
1037 1588 1090 1650 καὶ
1112 1585 1286 1669 Ῥωμαίοις
1306 1588 1448 1672 ηοβερός
1463 1584 1515 1672 ἦν,
1538 1587 1726 1670 διαβαίνων

362 1688 464 1765 ἀδεῶς
496 1689 690 1772 τὸνἽοιρον
719 1691 774 1754 καὶ
803 1689 861 1774 τήν
884 1691 1017 1776 Θρᾴκην
1039 1689 1206 1775 λεηλατεῖν
1228 1693 1278 1770 (cl.
1303 1693 1424 1754 Sueton.
1448 1693 1520 1774 Aug.
1545 1695 1601 1756 ll:
1629 1695 1725 1758 Dacos

361 1803 410 1879 qui
433 1817 462 1859 se
489 1802 520 1858 io
543 1796 663 1858 Pontum
692 1805 718 1858 et
742 1795 892 1858 lbroct'om
914 1797 1086 1878 effuderant)
1116 1798 1209 1878 μέχρι
1238 1795 1449 1870 Μακεδονίας
1471 1795 1526 1858 καὶ
1548 1797 1604 1880 τῆς
1623 1789 1725 1860 Ἰλλυ-

362 1897 468 1980 ρίδος,
504 1897 579 1972 τοός
610 1921 645 1960 τε
678 1896 818 1971 nstrata
853 1893 928 1972 τούς
955 1894 1238 1982 ἀναμεμιγμένους
1265 1909 1335 1972 τοῖς
1362 1923 1396 1962 τε
1428 1898 1533 1982 Θρᾳξί
1562 1901 1617 1963 καὶ
1650 1912 1724 1976 τοῖς

356 1998 530 2084 Ἰλλυριοῖς
552 1993 770 2083 ἐξεπόρθησε,
794 2005 917 2076 Βοίους
940 2000 977 2065 δὲ
1000 2001 1055 2064 καὶ
1079 1999 1182 2085 ἄρδην
1197 1998 1341 2084 ήιγόνισε
1355 2003 1431 2077 τοὺς
1446 1999 1512 2066 dard
1534 2007 1723 2089 doctoralem

362 2107 415 2168 καὶ
438 2108 641 2188 Ταιιρίσκονς
736 2101 753 2167 ό
776 2103 837 2186 μὲν
860 2100 918 2168 οὖν
941 2109 1161 2189 Βοιρεβίστας
1184 2104 1274 2188 ἔηθη
1299 2106 1498 2181 καταλυθείς
1513 2102 1721 2171 ἐπαναστάν-

360 2233 426 2270 των
451 2204 539 2292 crispi
562 2229 661 2270 τινων
684 2207 764 2289 πρὶν
791 2204 1010 2290 ήῬωμαίους
1033 2209 1161 2271 στεῖλαι
1185 2211 1361 2291 στρατείαν
1383 2209 1437 2273 ἐπ’
1461 2206 1569 2275 αὐτόν.
1602 2212 1644 2272 dd
1667 2233 1722 2274 cx·

358 2314 537 2394 peditionem
568 2321 669 2373 contra
692 2312 783 2373 Dacos
807 2312 989 2394 Parthosque
1012 2332 1078 2374 cum
1103 2312 1208 2375 Caesar
1230 2331 1401 2392 egressurus
1424 2325 1516 2386 esset,
1547 2316 1721 2376 interiectus

358 2425 403 2478 est
431 2415 593 2496 (Appianas
622 2413 650 2476 b.
671 2435 696 2476 c.
720 2415 845 2490 2,110.
869 2415 906 2484 3,
928 2417 979 2476 25.
1005 2415 1056 2476 3'l.
1095 2415 1171 2496 lllyr.
1198 2415 1251 2489 133
1280 2417 1401 2478 Sueten.
1424 2417 1505 2480 Caes.
1522 2420 1571 2490 44,
1595 2419 1668 2498 bug.
1685 2419 1722 2492 83

357 2520 427 2580 Vell.
444 2519 473 2590 2,
495 2520 549 2593 59;
577 2519 637 2580 Liv.
663 2521 736 2586 117:
760 2519 911 2582 Drumann
935 2520 953 2580 3
977 2540 1005 2600 p.
1023 2519 1113 2598 678);
1146 2529 1176 2580 at
1199 2519 1228 2580 in
1251 2518 1348 2581 locum
1372 2522 1435 2584 eius
1458 2523 1618 2583 succedens
1640 2522 1721 2582 lilius

358 2622 481 2684 sublatis
508 2623 666 2685 coniuratis
695 2624 842 2703 Sextoque
872 2623 1012 2703 Pompeio
1042 2641 1130 2702 quam
1162 2623 1291 2703 primum
1321 2625 1431 2704 potuit,
1459 2625 1569 2686 scilicet
1595 2644 1621 2686 a.
1647 2625 1720 2694 719.

356 2725 502 2808 Illyricum
530 2727 681 2808 ingressus
708 2737 776 2807 post
803 2727 930 2789 devictos
952 2727 1121 2788 Pannonios
1144 2727 1294 2805 Segestam
1318 2727 1378 2788 sive
1401 2727 1524 2789 Sisciam
1547 2729 1583 2789 ad
1608 2729 1719 2790 Savum

355 2841 508 2912 propterea
531 2831 658 2894 maxime
681 2831 789 2893 dicitur
811 2829 1007 2910 occupavisse,
1031 2838 1065 2890 ut
1087 2829 1154 2891 iude
1169 2829 1377 2908 aggrederetur
1400 2830 1491 2893 Dacos
1515 2840 1544 2893 et
1560 2831 1720 2894 basternas

358 2934 493 3015 tdppian.
517 2935 593 3015 lllyr.
610 2934 660 2995 22.
677 2933 740 3008 23).
786 2933 906 2995 Timens
929 2945 1026 2994 autem
1051 2933 1107 2993 sibi
1129 2932 1165 2993 ab
1187 2932 1317 2994 Antonio
1339 2933 1468 2996 Cotisoni
1492 2936 1631 2997 Getarum
1657 2937 1720 3015 regi

355 3037 443 3098 liliam
467 3037 569 3098 lulium
592 3037 781 3117 despondisse
797 3037 904 3098 dicitur
925 3039 1047 3116 eiusque
1069 3035 1157 3098 liliam
1180 3047 1283 3098 rursus
1305 3036 1335 3096 in
1356 3037 1578 3100 matrimonium
1595 3038 1717 3119 petiisse

354 3158 379 3200 c.
395 3159 421 3202 a.
444 3140 505 3202 726
530 3141 624 3214 (Suet.
652 3141 725 3219 Aug.
742 3138 811 3217 63);
846 3141 924 3220 quod
954 3139 1052 3200 Cotiso
1081 3149 1255 3222 aspernatus
1282 3139 1428 3220 (Frontin.
1458 3150 1540 3202 strat.
1572 3143 1598 3214 1,
1617 3143 1665 3215 10,
1683 3143 1717 3221 4)

354 3243 472 3303 llntooii
501 3253 600 3322 partes
627 3253 747 3304 secutus
776 3243 825 3304 est
843 3239 909 3318 (Dio
932 3240 982 3311 51,
999 3238 1040 3301 22
1063 3242 1098 3300 cl.
1123 3240 1173 3312 50,
1190 3238 1231 3309 6).
1281 3238 1390 3300 Eodem
1414 3240 1489 3302 redit
1511 3241 1590 3320 quod
1613 3241 1719 3302 scribit

354 3345 528 3408 Plutarchus
555 3347 622 3406 drot.
640 3345 679 3406 63
710 3346 744 3406 de
767 3344 908 3406 Antonio:
938 3344 992 3404 sol
1019 3342 1081 3424 γὰρ
1107 3340 1255 3424 Δικόμης
1283 3338 1300 3403 ὁ
1331 3343 1437 3404 Γετῶν
1460 3339 1615 3420 βαοιλεύς
1637 3336 1718 3405 ὑπι-

355 3459 485 3526 σχνεῖτο
508 3445 616 3536 πολλή
638 3449 776 3528 στρατιᾷ
798 3444 999 3530 βοηθήσειν,
1023 3446 1084 3507 sive
1106 3464 1214 3507 nomen
1237 3454 1409 3525 corruptum
1433 3455 1479 3508 est
1501 3447 1561 3508 sive
1583 3446 1718 3508 Cotisoni

354 3552 516 3614 adiutorem
540 3553 603 3614 eius
627 3562 774 3634 praeterea
798 3551 930 3630 ignotum
955 3549 1081 3628 scriptor
1103 3547 1265 3609 substituit.
1304 3547 1386 3609 Unde
1408 3568 1461 3629 per
1484 3550 1591 3610 bellum
1615 3550 1716 3612 Actia-

354 3677 420 3720 cum
451 3658 615 3720 timuerunt
641 3657 704 3719 ltali
728 3656 862 3717 homines
884 3672 944 3715 non
967 3652 1059 3731 magis
1082 3653 1204 3714 classem
1229 3653 1432 3734 Aegyptiacam
1455 3673 1543 3734 quom
1568 3655 1717 3717 incursio·

354 3781 421 3822 nem
445 3761 599 3834 dacorum,
623 3761 700 3822 sicul
722 3769 842 3841 apparot
864 3777 899 3819 cx
920 3756 1044 3837 Vergilio
1066 3756 1097 3817 in
1120 3757 1262 3837 georgicis
1285 3757 1425 3820 absolutis
1448 3778 1473 3820 a.
1491 3758 1552 3819 724
1575 3758 1618 3838 (2,
1635 3760 1698 3820 497
1708 3777 1715 3819 :

353 3871 500 3928 coniurato
524 3867 693 3928 descendeus
707 3864 803 3926 docos
817 3863 853 3924 ob
869 3863 986 3936 Histro),
1009 3861 1079 3923 item
1096 3881 1131 3922 ex
1149 3861 1268 3922 lloratio
1284 3861 1314 3922 in
1330 3871 1429 3923 satura
1445 3861 1551 3943 scripta
1567 3881 1593 3923 c.
1608 3882 1634 3924 a.
1653 3861 1715 3923 723

353 3968 393 4042 (2,
410 3969 439 4040 6,
457 3969 511 4029 53:
543 3988 613 4032 utrm
640 3968 705 4048 quid
733 3968 766 4028 de
788 3965 874 4029 Doris
902 3963 1040 4040 audistt'i')
1071 3975 1101 4027 et
1123 3965 1153 4025 in
1176 3965 1305 4026 carmine
1328 3965 1371 4044 (3,
1387 3965 1417 4038 6,
1435 3965 1486 4036 13)
1511 3969 1587 4027 lacto
1609 3985 1635 4026 a.
1652 3965 1715 4026 726

353 4079 390 4144 (τ.
406 4073 441 4132 ad
465 4074 494 4147 4,
513 4075 579 4146 ill:
599 4091 690 4152 poene
713 4081 878 4150 ocetpotom
901 4069 1084 4130 seditionibus
1107 4069 1207 4131 deleuit
1229 4070 1329 4130 urbem
1351 4069 1446 4131 Doorrs
1468 4081 1494 4132 et
1512 4069 1647 4150 Aethiops,
1670 4069 1714 4130 ίιιί

351 4178 439 4240 classe
464 4179 657 4258 formidatos,
685 4175 734 4238 ille
760 4173 913 4237 missilibus
941 4171 1042 4234 melior
1069 4177 1186 4252 sagittis.
1235 4171 1355 4234 Devicto
1383 4172 1511 4234 Antonio
1540 4193 1565 4234 a.
1591 4173 1654 4234 724
1669 4193 1713 4253 sq.

352 4280 388 4342 ll.
405 4280 527 4342 Crassus
556 4280 663 4342 bedum
694 4278 784 4359 gessit
813 4285 913 4338 contra
937 4274 1028 4337 llacos
1056 4275 1184 4356 aliasque
1213 4285 1312 4356 gentes
1340 4275 1479 4336 finitimas
1510 4275 1575 4350 (llio
1591 4277 1642 4349 51,
1658 4275 1713 4351 23)

351 4382 601 4463 triumphauitque
631 4401 656 4442 a.
673 4381 701 4442 d.
717 4400 745 4440 n
760 4401 830 4442 non.
848 4381 901 4442 lul.
917 4399 942 4440 a.
959 4379 1020 4440 727
1049 4399 1086 4440 eo
1115 4378 1252 4441 Thraecio
1279 4393 1305 4444 et
1336 4377 1425 4442 Geteis
1453 4379 1522 4456 (tab.
1546 4379 1714 4460 triumph.).

350 4487 415 4559 Ouo
443 4493 521 4547 recte
549 4483 663 4547 ridetur
690 4483 836 4546 rettulisse
865 4484 1069 4546 Lachmannus
1100 4485 1187 4564 (apud
1218 4482 1378 4544 Frankium
1409 4485 1474 4544 last.
1500 4482 1569 4545 llor.
1592 4503 1621 4564 p.
1638 4484 1714 4564 246)

350 4589 447 4650 locum
473 4585 584 4648 lloratii
613 4587 643 4648 in
673 4587 802 4648 carmine
832 4587 872 4664 (3,
890 4587 918 4662 8,
937 4587 989 4668 16)
1016 4587 1125 4669 scripto
1153 4607 1219 4648 ca.
1237 4587 1312 4648 725:
1347 4589 1444 4649 occidit
1475 4587 1548 4649 lloci
1576 4587 1714 4650 Cotisonis

349 4710 450 4773 agmen
478 4695 525 4768 (cl.
549 4710 639 4754 carm.
663 4690 698 4766 2,
719 4691 775 4766 26,
802 4693 863 4770 17).
913 4691 977 4752 Non
1006 4691 1158 4754 desierunt
1189 4701 1285 4752 tamen
1308 4700 1428 4772 propter
1455 4691 1532 4752 banc
1561 4691 1712 4752 uictoriam

349 4797 493 4860 Dacorum
522 4796 721 4870 incursiones3
749 4815 818 4858 nam
843 4796 872 4857 in
895 4796 1064 4858 universum
1089 4795 1193 4856 Florus
1216 4794 1245 4869 2,
1262 4793 1317 4854 28:
1342 4793 1422 4864 doci,
1445 4793 1549 4874 ingerit,
1572 4795 1713 4856 moenibus

348 4903 512 4976 indensem
534 4901 600 4964 inda
630 4900 768 4964 Cotisonis
789 4904 865 4981 regis
884 4903 1009 4980 ιἰιιρινιό,
1031 4903 1158 4980 protiens
1174 4909 1319 4962 ωιιωαια
1332 4898 1396 4980 gelu
1412 4897 1562 4960 λλοωιοιία
1576 4900 1713 4962 ermon
