3812 5580
354 451 417 515 170
836 443 1041 503 1³.va121011
1059 443 1220 511 QVIRINII

451 628 486 689 ll.
521 627 672 699 Quirinius
695 646 763 689 cum
790 626 976 689 consulatum
1000 626 1123 704 gesserit
1148 645 1174 687 a.
1198 623 1259 686 742
1289 633 1320 688 01
1339 626 1427 706 longo
1452 635 1583 707 tempore
1605 637 1708 709 postea

352 730 538 810 superfuerit,
573 730 719 792 consulari
747 717 816 792 iure
848 731 1016 811 pervenisse
1049 728 1198 809 putandus
1235 737 1281 790 est
1313 729 1349 790 ad
1382 730 1625 810 proconsulatum
1658 739 1711 793 aut

352 832 436 894 Asiae
462 833 629 914 provinciae
657 843 709 896 aut
735 833 858 895 Africae.
908 833 1096 895 Intervallum
1126 833 1179 894 bac
1208 839 1302 894 aetate
1329 839 1443 892 certum
1471 831 1587 894 nullum
1618 833 1710 897 tuisse

352 955 420 997 cum
443 937 514 998 satis
536 947 651 999 constet
673 937 765 1016 (nam,
788 947 823 999 ut
845 955 936 1018 pauca
959 936 1091 1016 exempla
1113 935 1278 1014 seligemus,
1302 934 1332 996 0.
1348 934 1469 997 Asinius
1485 935 1585 998 Gallus
1608 955 1668 999 cos.
1684 957 1710 999 a.

352 1040 414 1101 746
435 1058 551 1120 procos.
573 1040 658 1101 Asiae
679 1041 735 1102 icit
756 1060 782 1101 a.
805 1040 940 1124 748y49;
963 1039 1072 1102 Cossus
1091 1039 1243 1102 Cornelius
1260 1037 1403 1100 Lentulus
1424 1057 1484 1100 cos.
1506 1058 1532 1100 a.
1556 1039 1617 1101 753
1640 1059 1711 1120 pro-

352 1161 412 1203 cos.
435 1141 548 1203 sllricae
570 1161 596 1202 a.
621 1143 699 1216 7593
722 1141 774 1203 00.
798 1143 942 1206 Lentulus
961 1161 1055 1221 augur
1075 1163 1134 1204 cos.
1150 1161 1176 1204 a.
1193 1143 1253 1204 740
1276 1161 1391 1223 procos.
1411 1141 1616 1204 satuentes
1640 1153 1711 1216 cet.;

352 1266 378 1307 v.
390 1245 563 1309 Staatsrealtt
572 1243 617 1318 2²,
634 1244 705 1307 240.
718 1245 778 1308 241
792 1247 1096 1327 commentariumque
1109 1244 1230 1327 Zippelii
1244 1263 1333 1325 supra
1348 1265 1376 1325 p.
1385 1243 1443 1306 131
1458 1245 1524 1306 adn.
1535 1244 1710 1322 laudatum),

352 1368 388 1410 ex
421 1349 483 1409 solo
518 1348 602 1410 titulo
625 1349 795 1425 Tiburtino,
829 1350 916 1412 modo
950 1368 1018 1411 eum
1051 1356 1131 1410 reate
1163 1348 1199 1410 ad
1232 1347 1402 1422 Quirinium
1429 1348 1648 1423 rettulerimus,
1681 1360 1712 1412 et

351 1451 450 1512 Asiam
474 1468 543 1512 eum
566 1451 706 1514 sortitum
730 1471 792 1514 esse
815 1453 995 1533 intellegitur
1021 1461 1051 1514 et
1076 1461 1195 1532 tempus
1223 1451 1407 1530 aliquatenus
1436 1451 1591 1528 definitum
1617 1451 1712 1515 inter-

352 1553 473 1636 ponitur
495 1554 574 1616 enim
596 1555 637 1617 ibi
659 1557 886 1636 proconsulatus
908 1556 986 1618 inter
1012 1555 1084 1619 duas
1110 1555 1270 1635 legationes
1296 1554 1428 1635 Syriacas
1461 1555 1534 1628 sive,
1569 1564 1603 1617 ut
1635 1555 1713 1618 inira

352 1657 539 1734 ostendetur,
580 1659 657 1721 inter
689 1679 715 1720 a.
744 1659 805 1721 752
839 1669 869 1721 et
902 1659 978 1730 759,
1023 1677 1060 1720 ex
1095 1657 1204 1738 quibus
1246 1657 1331 1719 aunis
1373 1665 1523 1738 praeterea
1564 1657 1711 1721 eximendi

352 1769 422 1822 sunt
443 1761 512 1823 anni
535 1761 595 1823 753
619 1771 697 1824 certe
719 1781 786 1842 pars
811 1763 900 1843 prior,
934 1781 993 1842 quo
1016 1763 1068 1824 00.
1092 1759 1233 1823 Lentulus
1266 1779 1360 1839 augur
1387 1759 1485 1822 Asiam
1519 1762 1596 1823 rexit
1627 1763 1711 1841 (uam

352 1863 412 1924 dies
440 1883 466 1925 a.
491 1864 551 1926 753
583 1865 679 1927 Daesii
709 1868 747 1926 17
776 1865 835 1926 sive
862 1865 929 1928 Maii
958 1867 1006 1939 10,
1036 1885 1094 1946 quo
1122 1863 1240 1943 scripsit
1268 1863 1422 1944 epistulam
1450 1864 1481 1924 0.
1504 1863 1526 1924 l.
1551 1864 1600 1926 Gr.
1617 1864 1711 1939 2943,

353 1985 421 2027 000
445 1968 574 2030 ostendit
594 1987 672 2030 anno
695 1967 813 2051 752)53
836 1969 867 2029 iu
890 1969 986 2030 officio
1008 1967 1125 2045 fuisse);
1147 1969 1271 2029 fortasse
1292 1965 1364 2028 item
1387 1985 1412 2028 a.
1437 1967 1565 2052 754)55,
1588 1967 1614 2029 si
1641 1988 1712 2050 pro·

351 2069 536 2131 consulatum
561 2071 598 2132 M.
614 2071 720 2134 Plautii
748 2073 856 2134 Silvani
879 2071 1026 2153 Zippelius
1055 2078 1174 2147 (comm.
1204 2088 1292 2150 supra
1322 2069 1403 2132 citati
1430 2089 1459 2150 p.
1484 2070 1536 2150 13)
1566 2079 1645 2132 recte
1675 2072 1712 2133 ad

351 2192 419 2234 eum
453 2192 565 2236 anuum
596 2175 758 2250 revocavit;
787 2184 900 2237 restant
926 2175 1017 2255 igitur
1046 2174 1266 2255 procousulatui
1295 2172 1421 2245 Quirinii
1448 2174 1517 2235 anni
1545 2173 1645 2258 753)4
1680 2185 1712 2238 01

351 2277 412 2337 755
436 2277 471 2337 ad
495 2276 566 2338 758.
615 2279 652 2339 tt
684 2297 752 2340 eum
774 2278 902 2340 dlricam
936 2278 1075 2340 sortitum
1109 2297 1173 2339 esse
1207 2279 1441 2339 demonstratum
1475 2276 1528 2338 ivit
1555 2278 1712 2359 Zumptius

351 2379 383 2457 (l.
400 2397 424 2438 c.
441 2398 468 2459 p.
486 2379 538 2453 91)
555 2399 591 2440 ex
612 2381 778 2442 narratione
800 2381 924 2454 310012,
945 2380 983 2442 31
1003 2383 1041 2459 [4,
1060 2381 1109 2453 12,
1126 2381 1176 2443 40.
1193 2381 1258 2458 ill:
1281 2379 1457 2443 Musulamos
1479 2391 1562 2462 ateste
1579 2381 1713 2446 Gaetulos

351 2481 462 2543 accolas
484 2480 613 2560 Syrtium
628 2482 796 2564 (Augustas)
821 2485 904 2547 Cosso
926 2485 995 2546 duce
1018 2488 1194 2563 conapescuit,
1208 2483 1283 2544 unde
1298 2483 1345 2544 ilii
1356 2482 1496 2545 Gaetulici
1507 2503 1610 2547 nomen
1626 2486 1714 2548 latius

350 2603 436 2666 paam
458 2589 521 2666 ipsa
541 2589 670 2648 victom'a.
716 2587 827 2649 Pariter
847 2587 1041 2650 Mannaridas
1062 2599 1145 2668 atque
1168 2584 1360 2648 Garamantas
1383 2585 1517 2658 Quim'uio
1544 2588 1713 2669 subigendos

351 2688 439 2762 dadin
462 2692 551 2769 potuit
570 2698 596 2750 et
611 2689 659 2751 illa
672 2691 769 2753 redire
783 2690 986 2764 Marmaricus,
1009 2690 1058 2752 sed
1078 2690 1231 2751 modestior
1252 2693 1283 2751 in
1305 2690 1480 2752 aestimanda
1501 2693 1621 2752 victoria
1641 2693 1712 2772 suit.

351 2791 506 2853 Videamus
529 2793 657 2873 primum
682 2793 717 2854 de
737 2793 794 2855 loci
814 2793 949 2855 lectione.
985 2792 1042 2854 Pro
1058 2791 1193 2865 Quirinio
1215 2792 1290 2854 liber
1304 2791 1481 2854 Nazarianus
1496 2793 1584 2857 habet
1598 2800 1713 2877 aurinia

350 2894 423 2975 (000
445 2899 559 2975 garino,
583 2903 616 2957 01
637 2899 728 2957 refert
748 2896 891 2976 lahnius),
915 2896 1138 2976 bambergensis
1160 2894 1225 2956 eius
1246 2896 1311 2957 loco
1333 2895 1462 2976 spatium
1485 2915 1625 2973 vacuum3
1646 2898 1712 2960 lor·

350 2997 439 3059 danes
463 3016 531 3058 vero
554 2999 651 3078 (Rom.
668 2999 742 3074 248)
766 3000 808 3060 sic
833 3000 930 3061 locum
960 2997 1070 3061 reddit:
1101 2998 1296 3060 Marmaridas
1319 3009 1345 3061 et
1369 2998 1559 3062 Garamantes
1659 3021 1713 3082 per

350 3098 506 3170 Quirinum
526 3103 641 3183 subegit.
685 3102 842 3165 Substituit
869 3121 922 3183 pro
951 3106 1063 3183 garr'nio
1093 3101 1287 3184 Nipperdeius
1320 3101 1351 3163 iu
1383 3102 1523 3183 philologi
1551 3103 1712 3165 Schneide-

350 3203 469 3265 winiani
495 3205 549 3265 rol.
568 3207 583 3265 1
601 3224 629 3285 p.
646 3206 707 3267 670
731 3204 872 3281 Cornelio,
896 3225 930 3268 eo
953 3215 1062 3280 motus,
1085 3206 1164 3286 quod
1186 3213 1288 3266 oontm
1304 3204 1495 3266 Garamantes
1517 3205 1711 3286 expeditionis

350 3306 476 3380 Quirinii
499 3315 647 3387 praeterea
663 3327 751 3370 nemo
767 3308 911 3382 meminit,
935 3309 1071 3371 meminit
1093 3307 1125 3369 L.
1142 3308 1270 3372 Cornelii
1291 3307 1373 3369 Bnlbi
1394 3309 1580 3388 proconsulis
1595 3309 1709 3372 Plinius

352 3410 393 3485 (5.
419 3428 448 3471 0.
478 3411 506 3484 5,
536 3412 564 3484 5,
593 3409 647 3472 36:
683 3413 927 3494 clarissimumque
962 3410 1090 3475 Garama
1123 3421 1208 3491 caput
1242 3409 1461 3482 Garamantum,
1494 3415 1591 3475 omnia
1624 3417 1713 3474 amuis

350 3513 487 3575 Romanis
516 3525 650 3595 superata
678 3525 703 3576 et
731 3535 749 3577 a
774 3514 905 3578 Cornelio
928 3515 1017 3578 30150
1043 3514 1247 3595 triumphato),
1279 3521 1399 3594 propter
1431 3533 1521 3594 qoam
1559 3514 1711 3578 victoriam

351 3627 500 3679 extremus
522 3618 703 3698 privatorum
726 3617 860 3680 omnium
884 3617 1075 3699 triumphavit
1094 3635 1208 3698 procos.
1224 3635 1260 3677 ex
1273 3616 1370 3678 dirica
1385 3637 1410 3678 a.
1428 3617 1711 3699 73510010ορ11.)

349 3721 388 3783 tt
409 3721 445 3782 ad
467 3720 555 3782 rerba
576 3721 654 3799 quod
677 3720 791 3794 attinet,
814 3721 865 3802 qui
880 3721 958 3783 Flori
981 3720 1070 3782 crisin
1093 3719 1184 3801 probe
1207 3718 1309 3781 didicit
1327 3739 1387 3782 nou
1403 3720 1520 3800 negabit
1535 3721 1571 3782 de
1586 3721 1711 3782 lectione

350 3823 480 3886 decisum
504 3843 568 3886 esse
590 3842 644 3903 per
663 3841 840 3886 consensum
855 3823 1006 3886 Nazariani
1022 3833 1051 3886 et
1066 3821 1207 3884 lordanis.
1244 3821 1412 3904 Nipperdeii
1426 3831 1526 3885 autem
1543 3823 1712 3886 coniectura

350 3947 385 3989 00
412 3927 510 3990 minus
541 3927 691 4008 probanda
716 3936 770 4001 est,
805 3928 884 4008 quod
917 3927 960 3990 sic
982 3926 1074 3988 00000
1104 3924 1254 3987 Gaetulico
1287 3934 1318 3987 et
1348 3925 1406 4006 ipsi
1437 3923 1572 3988 Cornelio
1605 3945 1711 4008 parum

349 4030 496 4110 eleganter
518 4030 679 4111 opponitur
693 4029 859 4104 Cornelium
881 4049 977 4109 neque
992 4029 1150 4109 quicquam
1173 4027 1279 4103 obstat,
1302 4029 1462 4108 quominus
1483 4038 1543 4091 1000
1559 4029 1712 4103 Quirinius

350 4153 438 4214 quam
469 4135 577 4196 301500
611 4135 750 4196 adversus
779 4134 969 4196 Garamantes
1003 4151 1067 4194 rem
1095 4131 1169 4193 bene
1192 4131 1345 4211 gesserint,
1378 4151 1446 4194 nam
1479 4132 1511 4195 in
1539 4133 1626 4195 Floro
1659 4153 1712 4195 cur

351 4245 444 4301 taceat
465 4257 524 4300 nou
546 4246 593 4300 est
613 4238 824 4318 quaerendum.
870 4236 992 4316 Subegit
1013 4236 1102 4316 igitur
1116 4233 1270 4308 Quirinius
1285 4235 1476 4298 Marmaridas
1498 4246 1528 4299 01
1550 4237 1711 4298 Garaman-

353 4350 414 4415 tes;
449 4349 480 4402 at
509 4342 534 4402 si
564 4359 614 4401 eos
648 4339 764 4420 subegit
796 4340 955 4420 proconsul
988 4338 1117 4412 Africae,
1152 4337 1318 4420 provinciae
1351 4339 1494 4401 terminos
1528 4339 1710 4419 aliquantum

350 4442 483 4506 excessit.
526 4442 600 4505 Nam
618 4443 809 4506 Garamantes
831 4442 949 4522 quidem
972 4442 1003 4504 in
1025 4441 1149 4504 desertis
1164 4441 1279 4503 dlricae
1299 4441 1448 4504 interioris
1472 4443 1511 4504 ita
1532 4440 1711 4513 habitabant,

350 4556 385 4608 ut
408 4554 467 4608 tam
490 4565 525 4607 ex
549 4546 646 4609 dirica
667 4529 756 4627 quam
779 4566 795 4608 a
818 4545 939 4626 Cyrenis
962 4545 1091 4607 exercitu
1124 4544 1185 4627 peti
1219 4555 1355 4626 possent;
1389 4554 1420 4607 at
1452 4553 1554 4607 contra
1587 4544 1711 4626 populos

350 4650 537 4712 Marmaricae
560 4658 654 4712 terrae
683 4649 852 4711 interiectae
884 4649 961 4711 iuter
993 4649 1157 4729 Aegyptum
1193 4655 1222 4709 01
1254 4649 1456 4730 cyrenaicam,
1490 4667 1565 4728 quos
1598 4647 1711 4729 priores

350 4753 450 4836 posuit
471 4752 574 4816 Florus
597 4761 627 4813 01
648 4761 747 4834 aperte
769 4753 899 4832 potiores
921 4753 1032 4827 habuit,
1055 4752 1217 4826 Quirinius,
1240 4771 1308 4815 cum
1331 4752 1479 4833 Aegyptus
1501 4759 1582 4816 extra
1605 4769 1711 4832 quaes-

351 4858 461 4920 tionem
490 4857 544 4932 011,
572 4875 632 4918 000
657 4865 716 4919 mm
740 4875 775 4919 ex
794 4856 890 4918 Africa
918 4856 996 4918 mitti
1018 4855 1120 4918 debuit
1141 4874 1230 4938 quam
1258 4874 1293 4918 cx
1319 4854 1483 4937 Cyrenaica.
1528 4854 1614 4927 Quod
1642 4873 1711 4937 per-
