3798 5584
342 385 404 449 110
934 381 967 448 V,
986 382 1089 436 24-31

339 564 459 624 fuerunt
485 561 702 624 coniunximus.
750 562 886 624 Armenia
919 563 1095 642 intellegitur
1132 562 1238 635 maior,
1267 561 1359 623 114414
1385 568 1484 623 autem
1512 559 1689 639 Atropatene

252 655 259 666 ’
338 665 416 727 14144
439 665 606 727 Armeniam
636 666 871 746 Parthorumque
900 685 1023 747 regnum
1053 667 1233 746 interposita,
1261 667 1296 726 de
1325 685 1383 744 qua
1410 665 1515 727 Strabo
1539 666 1587 737 11,
1606 663 1687 737 13,1

340 789 367 849 p.
392 768 452 829 523
485 777 641 849 postquam
669 771 796 832 narravit
822 771 981 850 Atropaten
1012 770 1087 832 hanc
1112 769 1215 831 lledici
1243 769 1323 848 regni
1350 768 1528 848 provinciam
1556 767 1692 829 411444-

341 872 466 935 donibus
500 873 665 935 defendisse
695 883 725 934 41
751 893 850 954 regem
884 885 1037 955 propterca
1069 874 1246 954 appellatum
1280 872 1432 954 proprium
1464 872 1533 933 inde
1566 888 1690 951 rognum

341 977 470 1038 40441444
502 973 672 1056 (βασιλεὺς
697 971 934 1058 ἀναγορευθεὶς
962 974 1034 1054 loto
1063 975 1215 1048 συνέταξε
1247 976 1326 1038 καθ’
1360 971 1461 1058 αὐτὴν
1492 973 1550 1058 τὴν
1582 967 1692 1056 χώραν

340 1074 482 1161 ταύτην),
504 1079 543 1141 114
567 1079 674 1161 pergit:
698 1077 753 1140 καὶ
776 1075 794 1162 ἡ
819 1077 958 1163 διαδοχὴ
982 1076 1120 1151 σώζεται
1143 1082 1236 1161 μέχρι
1259 1078 1318 1142 νῦν
1339 1076 1375 1150 ἐξ
1396 1074 1532 1151 ἐκείνου,
1557 1074 1640 1158 πρός
1658 1095 1693 1138 re

340 1180 415 1255 τοίς
433 1177 610 1263 Ἀρμενίων
632 1181 790 1264 βασιλέας
813 1185 1047 1266 ποιησαμένων
1068 1181 1250 1265 ἐπιγαμίας
1272 1182 1335 1246 τῶν
1357 1175 1491 1264 ὕστερον
1508 1178 1564 1242 καὶ
1579 1177 1694 1262 Σύρων

341 1284 397 1346 καὶ
420 1284 503 1368 μετὰ
524 1284 626 1348 ταῦτα
653 1287 868 1369 Παρθυαίων.
913 1288 945 1348 A.
962 1287 1023 1350 718
1054 1307 1121 1351 cunr
1149 1287 1295 1350 Antonius
1323 1287 1483 1348 exercitum
1512 1285 1634 1346 duceret
1661 1282 1692 1343 in

341 1389 466 1451 Parthos
494 1391 573 1451 socio
596 1391 781 1466 Artavasde¹l
809 1409 877 1470 rege
899 1390 1122 1465 Armeniorum,
1150 1392 1280 1454 eiusdem
1310 1390 1439 1452 nominis
1462 1389 1613 1451 Medorum
1643 1405 1692 1448 rex

343 1492 419 1553 tilius
442 1492 641 1555 Ariobarzanis
669 1493 745 1573 (vide
771 1493 858 1572 infra)
881 1495 1027 1557 Armeniis
1049 1495 1180 1557 infensus
1204 1497 1371 1558 societatem
1396 1494 1465 1556 14411
1486 1512 1554 1555 cum
1577 1490 1694 1553 Parthis

343 1595 510 1675 bellumque
533 1616 567 1658 eo
589 1615 667 1658 anno
689 1606 805 1677 gestum
827 1607 873 1659 est
895 1598 1021 1660 maxime
1043 1598 1075 1660 in
1097 1599 1159 1680 ipsa
1181 1601 1358 1680 Atropatene
1375 1597 1539 1680 (Drumaun
1564 1599 1591 1670 1,
1608 1593 1694 1672 453).

343 1700 486 1780 degresso
508 1699 575 1763 inde
597 1710 665 1782 post
687 1719 808 1780 magnas
836 1702 932 1763 clades
953 1703 1080 1765 Antonio
1109 1712 1257 1784 ruptoque
1286 1722 1330 1776 re,
1354 1721 1413 1764 non
1435 1702 1555 1763 nomine
1577 1699 1695 1762 1444444

343 1823 411 1865 curn
434 1804 590 1878 Armeniis,
613 1805 663 1884 qui
686 1804 833 1868 Romanos
857 1805 951 1868 socios
973 1806 1171 1886 prodidissent
1192 1816 1223 1868 et
1244 1805 1452 1879 deseruissent,
1474 1823 1500 1865 a.
1517 1803 1579 1865 719
1595 1802 1695 1865 bledo-

343 1926 410 1968 rum
441 1926 492 1968 rex
522 1907 639 1970 Phraati
667 1918 787 1989 propter
814 1909 953 1971 iniustam
983 1911 1107 1990 praedae
1135 1909 1307 1972 divisionem
1331 1927 1506 1972 succensens
1529 1907 1695 1985 timensque

344 2020 506 2092 praeterea,
533 2029 570 2072 ne
600 2029 690 2090 regno
717 2011 753 2073 ab
780 2031 815 2073 eo
840 2012 1019 2092 privaretur,
1049 2014 1085 2074 ad
1107 2013 1224 2075 Antonii
1250 2021 1348 2094 partes
1370 2011 1488 2074 transiit
1506 2010 1695 2090 (Plutarchus

343 2115 411 2175 Ant.
427 2114 482 2186 523
505 2113 559 2175 Dio
580 2115 630 2188 49,
647 2114 701 2194 33)
723 2124 753 2176 41
775 2114 884 2176 bellurn
907 2118 1035 2197 suscepit
1050 2123 1152 2178 contra
1167 2115 1290 2178 Parthos
1307 2114 1437 2194 (111449,
1454 2115 1517 2192 44).
1549 2112 1695 2175 Antonius

343 2226 442 2278 autern
473 2216 667 2297 proditionem
696 2216 773 2278 illam
797 2218 1002 2280 Armeniorum
1027 2220 1143 2281 ulturus
1164 2219 1300 2280 Artaxata
1323 2221 1470 2299 profectus
1493 2237 1518 2279 a.
1535 2217 1596 2279 720
1619 2216 1696 2296 regis

343 2319 437 2400 ipsius
465 2321 560 2400 specie
587 2321 731 2382 amicitiae
761 2321 791 2382 in
821 2331 915 2384 castra
948 2323 1057 2384 evocati
1091 2321 1282 2402 4411144441,
1305 2339 1392 2400 quem
1415 2319 1640 2400 4441444721
1666 2318 1696 2378 in

345 2423 474 2503 Aegypto
497 2423 648 2504 Cleopatra
671 2425 1003 2502 14144144111114444444
1028 2427 1055 2499 1,
1071 2424 1156 2504 489),
1179 2442 1361 2504 regnumque
1383 2422 1538 2485 destinarit
1559 2422 1619 2484 lilio
1643 2441 1696 2483 suo

345 2545 380 2588 ex
403 2526 553 2607 Cleopatra
576 2527 752 2602 Alexandro,
786 2528 833 2590 cui
855 2528 1007 2591 Medorum
1033 2527 1110 2607 regis
1137 2527 1195 2588 lilia
1216 2526 1314 2606 lotape
1337 2527 1479 2608 desponsa
1503 2535 1549 2588 est
1563 2525 1630 2607 (llio
1646 2525 1696 2598 49,

346 2630 396 2690 40.
413 2631 467 2704 44;
492 2632 565 2692 infra
589 2651 617 2711 p.
637 2633 718 2713 111).
748 2631 858 2694 Eodem
882 2642 1012 2712 tempore
1026 2629 1231 2693 adiuvantibus
1254 2631 1317 2692 sine
1340 2630 1428 2692 dubio
1450 2629 1576 2692 Antonio
1596 2640 1626 2691 41
1641 2629 1697 2689 Ar-

347 2732 462 2792 tavasde
477 2732 560 2794 Medo
583 2735 612 2795 in
628 2733 744 2796 Parthis
767 2735 871 2797 seditio
893 2745 956 2796 orta
978 2744 1023 2797 est
1042 2735 1194 2816 coepitque
1217 2733 1257 2794 ibi
1272 2732 1414 2796 Tiridates
1430 2733 1466 2795 de
1481 2750 1571 2811 regno
1586 2739 1697 2792 certare

346 2855 413 2897 cum
436 2835 569 2898 Phraate.
613 2837 785 2900 Artavasdes
812 2839 884 2900 alter
913 2857 963 2899 rex
985 2839 1191 2900 Armeniorum
1214 2837 1346 2918 Tigranis
1369 2837 1478 2917 filius²l
1501 2833 1635 2907 Antonii,
1666 2841 1699 2894 ut

347 2938 433 3000 modo
461 2939 534 3008 4141,
562 2941 591 3002 in
623 2940 697 3004 bebo
719 2941 854 3004 Parthico
881 2941 993 3016 socius,
1023 2950 1212 3003 morantem
1235 2942 1270 3004 ab
1293 2961 1327 3003 eo
1350 2951 1453 3021 captus
1476 2947 1505 3001 et
1526 2939 1698 3016 interfectus

347 3041 421 3103 filios
452 3042 555 3104 habuit
582 3043 709 3104 Artaxen
741 3043 796 3123 (sic
830 3045 991 3125 appellatur
1024 3045 1060 3106 ab
1087 3045 1219 3125 Augusto
1256 3045 1285 3106 in
1316 3044 1412 3106 indice
1443 3044 1499 3104 hoc
1527 3043 1590 3103 loco
1618 3059 1699 3102 nunc

347 3145 466 3208 dernum
495 3157 574 3208 recte
599 3147 674 3209 lecto
702 3147 831 3228 itemque
859 3150 935 3229 apud
957 3148 1079 3210 Dionem
1104 3149 1153 3222 49,
1170 3148 1220 3210 39.
1237 3149 1286 3208 40.
1303 3149 1353 3208 44.
1370 3149 1420 3221 51,
1438 3148 1486 3222 16,
1509 3163 1608 3208 444444
1626 3140 1699 3226 ’Λρ-

347 3245 444 3332 441ζ4ς
472 3249 526 3324 54,
554 3250 588 3325 9;
621 3259 723 3312 contra
754 3253 831 3333 apud
863 3251 1001 3314 Velleinm
1031 3253 1064 3325 2,
1094 3253 1135 3313 94
1167 3261 1213 3312 441
1247 3252 1419 3324 Antarados,
1456 3251 1533 3332 apud
1564 3247 1698 3310 Tacitum

346 3371 414 3413 ann.
430 3351 494 3426 2‚3
522 3363 551 3414 et
577 3354 734 3435 losephum
756 3365 816 3416 ant.
840 3357 887 3429 15,
909 3355 972 3429 4,3
997 3355 1144 3431 Artemius)
1167 3363 1237 3416 natu
1261 3356 1422 3416 maximum
1445 3354 1597 3441 (Iosephus
1616 3337 1635 3411 l.
1658 3370 1701 3424 c.;

348 3455 401 3516 Dio
423 3456 496 3532 14.)
525 3466 555 3518 41
576 3457 747 3538 Tigranem3
775 3458 895 3521 tertium
923 3459 1015 3521 lilium
1043 3457 1069 3519 41
1097 3459 1187 3520 141444
1215 3468 1364 3539 praeterea
1393 3458 1527 3538 ignotum
1555 3455 1703 3535 colligitur

450 3683 469 3748 ¹)
488 3685 526 3736 Ad
546 3687 654 3738 nominis
672 3686 777 3738 14441444
795 3688 859 3755 qnod
878 3687 980 3750 4111441,
999 3701 1045 3737 rex
1063 3685 1163 3738 1144144
1181 3687 1249 3753 0,11
1270 3684 1360 3737 Latine
1378 3684 1521 3751 appellatur
1532 3681 1703 3750 Artauasdes,

350 3769 448 3821 1144444
467 3766 637 3842 Ἀρταβάζης,
659 3774 712 3840 6,]
738 3775 791 3835 (ubi
810 3775 902 3826 Latina
927 3773 1057 3837 deliciunt)
1077 3772 1174 3825 Graece
1192 3776 1286 3842 Λρταο
1300 3788 1406 3835 ....ης,
1425 3773 1449 3835 5,
1462 3770 1493 3820 29
1512 3770 1602 3822 Latino
1619 3771 1704 3821 Arta-

349 3857 441 3920 441444]
465 3857 568 3923 (4414411
584 3860 610 3911 14
628 3859 754 3924 1144414144
772 3877 794 3928 p.
815 3860 863 3914 103
880 3860 1018 3911 admissum
1035 3875 1049 3910 4
1066 3875 1105 3910 mc
1122 3859 1147 3909 in
1167 3859 1304 3924 adprime
1321 3863 1428 3924 4444144
1444 3857 1579 3909 lectionem
1597 3855 1703 3908 Per-ruti

348 3935 469 4018 41114114,
491 3953 519 3996 41
541 3961 604 3998 vere
627 3947 653 3997 in
674 3947 758 4012 144144
775 3954 816 3998 441
837 3935 1280 4015 ΑκτΑΒΑ)),1144444Ἁρταβάζης;
1307 3957 1382 4008 44444
1406 3943 1563 4006 cognominis
1581 3945 1606 4004 5,
1624 3941 1657 3992 30
1675 3948 1704 3992 41

350 4047 398 4082 rex
416 4031 594 4082 Armeniorum
613 4029 673 4080 item
691 4031 849 4095 cognominis
867 4031 892 4095 5,
911 4029 1054 4080 26141144
1072 4026 1240 4092 Artavasdes,
1258 4027 1356 4078 (144444
1373 4017 1579 4096 Ἀρταουάσδης,
1612 4022 1704 4074 lucon-

350 4118 444 4168 4144ῑί4
463 4117 487 4167 14
506 4115 606 4166 nomine
625 4116 672 4166 illo
691 4133 736 4182 444
754 4116 877 4168 44144114
896 4116 1045 4182 explicanda
1064 4115 1251 4178 (44444114444
1270 4129 1368 4179 quoquo
1387 4117 1486 4163 4444141
1498 4110 1572 4160 huius
1584 4109 1704 4162 vocabuli

349 4203 460 4269 quintum
484 4201 599 4252 1111444441
621 4201 645 4251 14
664 4200 799 4253 044144411
822 4203 966 4269 promiscuo
987 4200 1111 4252 444411444
1135 4217 1192 4252 4444
1209 4217 1255 4268 444
1273 4218 1313 4265 ου,
1331 4217 1355 4263 υ,
1372 4203 1396 4265 β,
1416 4197 1547 4265 septimam
1565 4197 1626 4248 item
1645 4212 1705 4262 pro·

349 4289 444 4339 miscuo
462 4303 508 4355 per
525 4285 562 4353 id,
580 4285 664 4352 441)
687 4289 851 4340 nihilomiuus
872 4289 912 4340 sic
935 4295 963 4338 ut
984 4287 1026 4338 hic
1049 4287 1181 4339 iuvenitur
1204 4288 1269 4340 44144
1290 4287 1321 4338 44
1339 4284 1437 4336 labrum
1455 4285 1500 4336 vix
1520 4283 1600 4346 44411,
1622 4281 1704 4346 magis

350 4375 382 4424 44
399 4375 480 4440 ipsum
498 4375 646 4441 principem.

450 4463 470 4522 ¹)
489 4459 591 4514 Putrem
613 4463 746 4513 444411441
767 4469 870 4529 practer
892 4463 1034 4523 Augustum
1054 4461 1078 4511 h.
1101 4461 1120 4512 l.
1139 4460 1258 4529 14444144
1281 4469 1332 4512 441.
1353 4461 1393 4527 15,
1409 4460 1434 4524 4,
1450 4461 1478 4522 3;
1496 4457 1588 4510 Strabo
1609 4456 1649 4517 11,
1664 4457 1705 4517 14,

353 4551 384 4601 10
406 4565 430 4615 p.
448 4547 514 4610 53ος
541 4549 587 4600 014
609 4549 705 4613 40,16.
753 4551 853 4602 Nummi
881 4564 913 4600 ex
940 4555 1047 4611 argento
1075 4555 1100 4599 ct
1126 4564 1199 4613 4444,
1222 4565 1284 4616 quos
1307 4547 1448 4613 composuit
1470 4545 1561 4597 Victor
1582 4542 1705 4608 Lauglois

350 4638 557 4703 (numirnrntique
577 4635 608 4687 444
628 4634 776 4688 inmunia.
806 4635 916 4688 Parisiis
935 4635 1008 4688 1859.
1027 4653 1049 4703 p.
1063 4635 1117 4702 34),
1134 4635 1165 4687 ab
1186 4651 1234 4685 una
1257 4641 1329 4701 44414
1349 4641 1425 4700 caput
1447 4632 1518 4697 regis
1541 4631 1704 4681 ostendentes

350 4729 444 4774 tectum
462 4723 539 4788 11444,
560 4723 829 4790 41411444144441411
847 4723 979 4790 βασιλέως
996 4722 1130 4789 βασιλέων
1144 4709 1345 4793 Ἀρταουάσδου
1362 4720 1421 4771 hnic
1439 4719 1495 4783 regi
1514 4716 1593 4769 trlbui
1611 4715 1707 4780 441441,

351 4818 422 4863 44414
441 4811 599 4864 4141441444.
