3812 5580
361 437 423 500 162
846 425 877 480 P.
892 423 1051 482 SVLPIGH
1069 422 1231 488 QVIRINII

459 611 494 672 ll.
527 609 556 670 ls
583 608 618 670 de
644 626 703 686 quo
725 607 822 686 agitur
843 614 911 686 post
932 604 1083 666 victoriam
1107 605 1143 666 de
1164 623 1222 684 qua
1245 603 1373 665 diximus
1395 603 1559 682 imperante
1581 604 1715 682 bngnsto

358 716 394 778 ad
416 712 657 796 proconsulatum
682 709 765 772 Asiae
787 707 930 790 pervenit.
971 707 1105 788 Namque
1127 707 1255 769 honores
1277 707 1317 768 113
1339 706 1370 768 13
1393 707 1479 768 111616
1501 706 1657 780 recenseri,
1681 717 1716 768 ut

358 839 374 880 3
396 817 561 880 minoribus
582 814 759 897 procedatur
773 813 809 874 ad
824 811 959 883 maiores,
982 829 1041 872 non
1057 809 1203 872 contrario
1219 809 1332 883 ordine,
1355 818 1389 871 ut
1403 810 1499 871 risum
1516 819 1562 872 est
1577 809 1715 889 Zumptio

358 922 478 1001 (comm.
495 919 644 1001 epigrapb.
661 916 680 977 2
697 936 725 996 p.
744 914 827 994 110),
850 913 918 974 inde
941 912 1076 986 efficitur,
1099 913 1177 992 quod
1200 923 1332 975 extremo
1354 913 1418 974 loco
1441 913 1555 994 positus
1577 931 1716 974 summus

358 1034 403 1087 est
435 1033 465 1086 61
497 1041 564 1084 vere
597 1021 721 1093 unicus,
761 1028 795 1080 ut
834 1027 902 1098 post
939 1015 1012 1077 alios
1042 1014 1165 1076 minime
1202 1034 1284 1077 raros
1325 1016 1439 1078 delatus
1471 1035 1536 1077 esse
1568 1015 1717 1089 rideatur;

357 1137 506 1209 praeterea
538 1142 643 1206 parum
677 1121 814 1185 convenit
846 1121 918 1182 ordo
952 1119 1086 1180 inversus
1119 1118 1221 1198 elogio,
1260 1120 1339 1199 quod
1376 1119 1411 1180 ad
1438 1118 1604 1199 exemplum
1627 1118 1716 1179 Plau-

357 1231 429 1293 tiani
451 1229 552 1306 (Orell.
576 1229 650 1304 750)
673 1245 688 1288 3
713 1223 790 1287 111311
812 1226 906 1285 forma
929 1222 1088 1284 adrerum
1111 1230 1259 1300 gestarum
1282 1221 1480 1284 narrationem
1505 1221 1641 1284 deflectit.

456 1333 505 1393 lll.
532 1332 560 1393 ls
576 1331 611 1392 de
627 1349 686 1410 quo
701 1328 798 1408 agitur
810 1326 922 1407 Syriam
939 1335 969 1387 et
983 1324 1170 1386 coniunctam
1187 1343 1254 1386 cum
1267 1344 1300 1387 63
1311 1325 1347 1386 36
1359 1327 1498 1388 Severum
1512 1345 1605 1406 usque
1617 1324 1716 1385 Pboe·

356 1437 441 1499 nicen
464 1435 627 1516 imperante
648 1434 780 1511 Augusto
803 1430 848 1491 bis
870 1427 1094 1501 administravit,
1127 1427 1256 1508 primum
1290 1437 1445 1508 antequam
1469 1427 1567 1490 Asiam
1590 1427 1714 1489 sortire-

357 1549 415 1612 tur,
438 1538 547 1600 iterum
569 1548 636 1616 post
657 1534 742 1596 Asiae
765 1532 1014 1613 proconsulatum.
1052 1530 1135 1604 Nam,
1158 1530 1235 1593 sicut
1257 1539 1336 1592 recte
1359 1531 1459 1593 docuit
1480 1531 1715 1598 Sanclementius

358 1643 406 1718 (de
427 1640 554 1720 vulgaris
577 1658 660 1701 aerae
683 1637 798 1699 emend.
814 1656 842 1716 p.
860 1635 945 1714 424),
967 1634 1131 1697 iterationis
1153 1634 1331 1714 praedicatio
1351 1634 1380 1696 in
1397 1634 1613 1716 provinciarum
1629 1654 1717 1715 prae-

358 1744 436 1806 sides
459 1753 523 1806 tum
547 1750 661 1804 tantum
685 1740 776 1814 63611,
804 1759 871 1802 6336
902 1738 1002 1800 eadem
1026 1737 1174 1818 provincia
1203 1738 1238 1799 ab
1261 1738 1365 1799 eodem
1388 1738 1507 1800 bomine
1530 1737 1639 1819 pluries
1661 1738 1717 1800 ad-

356 1847 522 1909 ministrata
550 1855 603 1906 est.
649 1846 691 1905 lta
713 1842 746 1904 T.
762 1842 868 1922 Eprius
891 1840 1044 1902 Marcellus
1072 1840 1181 1902 dicitur
1205 1840 1298 1902 fuisse
1321 1859 1431 1920 procos.
1454 1843 1535 1904 16166
1550 1840 1599 1902 lll
1619 1842 1715 1917 ((111,

356 1948 623 2012 3853=Henzen
648 1945 760 2024 5425),
783 1946 822 2006 ita
845 1943 877 2005 P.
894 1943 1022 2022 Paquius
1045 1944 1152 2005 Scaeva
1174 1942 1303 2023 primum
1324 1962 1380 2023 pro
1401 1943 1515 2006 6666616
1534 1947 1716 2023 provisoriam

362 2052 489 2133 Cyprum
512 2055 640 2131 63116611,
663 2049 766 2111 661366
785 2067 840 2128 pro
863 2066 916 2109 cos.
940 2051 1042 2108 iterum
1064 2057 1150 2108 66136
1172 2057 1274 2108 sortem
1298 2050 1467 2110 auctoritate
1489 2049 1558 2128 Aug.
1584 2047 1717 2111 Caesaris

358 2168 384 2218 et
406 2159 640 2218 6661366631
662 2155 700 2215 66
723 2151 948 2231 componendum
970 2160 1075 2212 statum
1096 2153 1128 2210 io
1149 2148 1291 2228 reliquum
1308 2153 1476 2228 3366136166
1494 2150 1584 2232 Cypri
1603 2152 1647 2230 (C.
1664 2151 1716 2227 lx,

355 2258 623 2320 2845=Henzen
644 2254 758 2332 6456);
791 2254 831 2314 113
858 2252 890 2314 L.
907 2253 1015 2314 blarius
1039 2252 1184 2314 Maximus
1213 2252 1265 2332 qui
1299 2253 1439 2315 scribitur
1470 2254 1562 2316 inisse
1590 2274 1716 2336 336663-

355 2360 654 2441 sermocinatione
676 2361 789 2428 iterum,
817 2357 974 2436 3366631661
997 2359 1163 2436 3366136136
1185 2355 1298 2434 Africae
1320 2355 1364 2437 (C.
1380 2356 1427 2427 Vl,
1445 2358 1535 2419 1452.
1564 2359 1599 2429 X,
1615 2359 1715 2440 6764)

356 2463 455 2526 Asiam
478 2482 532 2544 363
554 2463 627 2524 6363
650 2479 743 2522 33363
765 2457 894 2519 obtinuit
915 2478 950 2519 ex
973 2457 1126 2519 consulatu
1149 2456 1256 2537 priore,
1285 2477 1318 2518 ex
1342 2460 1504 2538 posteriore
1527 2481 1714 2542 perannum

354 2585 448 2629 unum
476 2567 603 2627 Africam
633 2563 842 2644 (Waddington
870 2564 960 2641 scetes
989 2562 1037 2623 des
1061 2564 1210 2641 promittes
1239 2560 1397 2642 lucripetes
1424 2582 1453 2644 p.
1471 2564 1530 2624 741
1559 2565 1604 2625 66.
1621 2565 1715 2644 mai).

353 2670 449 2732 liuius
476 2669 591 2749 generis
618 2666 787 2729 iterationes
814 2682 883 2725 cum
916 2665 946 2724 in
978 2662 1206 2743 proconsulibus
1235 2663 1344 2743 passim
1373 2665 1560 2728 inveniantur
1587 2667 1716 2748 (Stame-

352 2774 429 2835 reclt
451 2772 490 2833 2²
512 2791 542 2853 p.
559 2770 643 2851 246),
665 2771 773 2851 qnippe
796 2786 922 2848 quorum
948 2767 1076 2829 cilicium
1099 2767 1162 2846 1636
1184 2785 1315 2828 3333636
1341 2767 1472 2844 (uiuet,
1490 2769 1541 2843 13)
1564 2789 1625 2832 363
1645 2790 1715 2832 3336

352 2884 421 2955 3661
444 2893 555 2937 annum
582 2874 714 2956 elapsum
744 2873 967 2935 continuaretur
991 2872 1037 2933 vel
1062 2871 1162 2952 potins
1193 2869 1291 2930 denuo
1324 2873 1520 2945 conferretur,
1552 2873 1582 2935 in
1611 2874 1715 2953 legatis

351 2978 486 3057 bugasti,
509 2996 637 3058 quorum
660 2984 789 3058 potestas
811 2977 892 3037 nullo
921 2984 1002 3037 certo
1028 2984 1161 3055 tempore
1191 2973 1328 3035 conclusa
1361 2985 1448 3050 esset,
1477 2976 1575 3038 locum
1604 2977 1715 3039 babere

351 3098 411 3142 363
442 3082 538 3161 361311
559 3079 618 3141 nisi
640 3080 694 3153 ita,
722 3087 755 3141 ut
776 3088 844 3160 post
867 3078 1029 3140 discessum
1060 3097 1094 3138 ex
1126 3075 1275 3156 provincia
1302 3075 1380 3138 idem
1407 3078 1437 3139 in
1468 3079 1591 3141 eandem
1613 3079 1714 3141 denuc

351 3182 528 3244 mitteretur.
565 3181 717 3243 Eiusmodi
740 3201 808 3244 vero
830 3182 983 3262 legationis
1006 3180 1121 3243 iteratio
1143 3199 1178 3241 eo
1199 3178 1423 3259 impediebatur,
1451 3182 1530 3262 quod
1552 3183 1714 3262 legationes

352 3303 419 3346 cum
443 3284 612 3365 dignatione
634 3285 711 3346 inter
733 3305 765 3346 se
794 3284 946 3346 diiierrent
973 3283 1134 3363 ordineque
1163 3283 1303 3344 66311366
1325 3302 1340 3344 3
1366 3285 1479 3346 minore
1505 3285 1540 3346 ad
1569 3284 1713 3346 maiorem

352 3386 596 3461 adscenderetur,
620 3388 645 3449 is
667 3388 739 3450 ordo
762 3388 935 3450 turbabatur
957 3388 1050 3466 163316
1073 3395 1141 3467 post
1162 3385 1233 3447 alios
1256 3385 1384 3448 bonores
1407 3397 1559 3468 susceptos
1587 3387 1714 3450 remisso

351 3489 387 3550 ad
409 3488 478 3551 olim
502 3490 736 3553 administratam
759 3491 939 3571 provinciam
962 3490 1069 3552 iterum
1092 3487 1362 3550 administrandam.
1409 3489 1465 3551 Sed
1494 3490 1523 3552 id
1550 3491 1715 3553 36363611

351 3591 381 3652 13
409 3592 584 3670 legationem
614 3592 808 3672 legationesve
836 3593 979 3655 maximae
1007 3590 1199 3671 dignationis3
1227 3609 1293 3651 nam
1323 3591 1400 3654 sicut
1432 3593 1482 3673 qui
1512 3595 1616 3655 consul
1643 3593 1713 3668 tuit,

350 3712 410 3756 non
436 3703 533 3775 potest
556 3696 669 3775 regredi
684 3695 719 3757 ad
735 3704 912 3777 praeturam,
936 3703 1034 3774 potest
1048 3693 1154 3754 iterum
1172 3693 1356 3756 consulatum
1373 3713 1483 3774 gerere,
1506 3697 1592 3758 etiarn
1609 3697 1660 3777 qui
1675 3699 1715 3759 ad

350 3816 502 3859 summum
536 3798 657 3860 bonoris
691 3799 814 3878 gradum
848 3797 878 3859 in
911 3796 1069 3878 provinciis
1092 3795 1333 3859 administrandis
1355 3799 1550 3879 pervenisset,
1577 3800 1712 3863 eiusdem

350 3898 499 3976 dignitatis
521 3898 715 3979 legationibus
742 3899 807 3961 aliis
834 3899 917 3979 iungi
945 3899 1051 3981 potuit.
1094 3897 1137 3960 lta
1167 3907 1328 3980 utrumque
1354 3910 1433 3963 reete
1460 3902 1652 3983 explicabitur
1680 3913 1714 3967 et

349 3999 401 4079 qui
422 4000 554 4063 eiusdem
578 4001 744 4083 provinciae
766 4002 941 4082 legationem
964 4001 1084 4075 iterarit,
1108 4001 1138 4061 13
1161 4000 1255 4062 1113116
1276 4012 1392 4083 3336163
1413 4005 1493 4067 bunc
1515 4006 1592 4086 quod
1617 4007 1711 4070 sciam

349 4103 507 4165 memorari
529 4104 678 4184 nullum¹)
699 4115 728 4166 et
751 4105 924 4185 legationem
940 4105 1073 4166 iteratam
1097 4103 1181 4182 elogii
1203 4103 1350 4168 Tiburtini
1373 4107 1518 4187 pertinere
1540 4110 1577 4170 ad
1593 4109 1711 4190 Syriam

349 4206 526 4284 provinciam
558 4207 691 4268 omnium
719 4207 888 4288 primariam
912 4207 1042 4286 (Tacitus
1065 4206 1159 4286 113316.
1176 4208 1232 4280 4ος
1259 4208 1399 4288 1163313661
1426 4210 1546 4273 Bnrbul.
1563 4231 1593 4291 p.
1610 4211 1650 4274 58
1666 4239 1714 4268 =

349 4327 416 4388 opp.
432 4310 465 4382 4,
489 4309 573 4389 159).
618 4309 815 4373 Confirmatur
836 4311 876 4372 ita
898 4311 976 4390 quod
1000 4329 1087 4390 supra
1110 4309 1170 4370 dixi
1185 4309 1313 4373 bonores
1328 4313 1496 4375 enumerari
1511 4315 1614 4376 ordine
1631 4324 1712 4377 tem-

348 4410 429 4491 poris
452 4421 482 4473 et
503 4411 680 4492 singularem
703 4413 788 4493 plane
810 4413 962 4493 legationis
979 4413 1113 4495 Syriacae
1135 4412 1254 4475 iteratae
1276 4413 1346 4476 item
1362 4415 1453 4478 videri
1468 4416 1559 4479 luisse
1575 4419 1712 4500 tempore

349 4521 544 4593 postremum.

448 4616 494 4676 lli.
528 4615 557 4677 ls
579 4617 614 4679 de
636 4637 696 4698 quo
718 4618 815 4698 agitur
837 4621 970 4700 Augusto
993 4629 1144 4700 superstes
1166 4617 1241 4680 obiit
1263 4629 1332 4701 post
1353 4639 1379 4682 3.
1396 4641 1425 4683 3.
1442 4641 1467 4683 c.
1485 4623 1556 4686 767.

448 4826 467 4890 ¹)
487 4825 524 4877 De
544 4825 629 4877 titulis
648 4826 690 4892 qui
709 4827 830 4878 ridentur
849 4825 961 4890 obstem,
979 4827 1077 4890 egimus
1096 4829 1121 4880 16
1140 4829 1281 4881 6636113316
1299 4829 1376 4880 buius
1395 4831 1578 4882 commentarii.
