3796 5588
760 791 950 847 EXEMPLVM
970 791 1237 858 uvsuuuvinnvn.

296 954 396 999 rerum
431 946 578 1016 gestarum
613 935 674 996 diui
706 935 822 1014 augusti
855 935 962 1014 quihus
994 935 1094 996 orbem
1127 945 1272 996 terrarum
1304 934 1427 1014 imperio
1454 936 1555 1016 populi
1583 938 1697 999 romani

295 1039 419 1103 subiecit
432 1048 463 1102 et
476 1039 675 1121 impensarum
692 1057 765 1118 quas
779 1039 811 1099 in
824 1057 887 1100 rern
903 1038 1048 1119 publicam
1065 1037 1266 1118 populumque
1280 1056 1436 1099 romanum
1453 1037 1521 1100 iecit
1536 1037 1695 1101 incisarum

294 1142 325 1204 in
371 1142 483 1205 duabus
526 1141 662 1204 ahaeneis
705 1141 771 1222 pilis
813 1162 886 1222 quae
923 1151 994 1205 sunt
1029 1142 1159 1218 rumae¹)
1197 1141 1309 1222 positae
1346 1142 1495 1222 exemplar
1531 1141 1695 1204 subiectum

331 1249 385 1320 1,ι
416 1265 509 1309 annos
545 1245 728 1326 undeuiginti
762 1253 850 1308 natus
881 1247 1040 1308 exercitum
1070 1244 1186 1326 priuato
1216 1243 1337 1306 consilio
1364 1253 1393 1306 et
1422 1246 1536 1325 priuata
1564 1245 1696 1326 impensa

422 1350 590 1431 comparaui
613 1360 715 1429 terque
738 1369 767 1412 m
771 1394 1315 1412 ..................
1369 1349 1504 1411 factionis
1526 1369 1695 1430 oppressam

419 1453 450 1514 in
473 1453 637 1515 libertatem
663 1452 809 1515 uindicaui
838 1497 970 1514 .....
989 1487 991 1490 -
995 1497 1316 1514 ...........
1348 1452 1472 1515 decretis
1494 1452 1693 1534 honorificis¹)

423 1556 557 1620 ordinem
581 1575 668 1618 suum
708 1601 1695 1618 ................................

327 1763 383 1838 2,1
414 1763 605 1845 patriciorum
632 1782 791 1826 numerum
818 1763 886 1825 auxi
915 1763 1018 1826 consul
1047 1763 1184 1842 quintum
1207 1761 1289 1824 iussu
1311 1761 1412 1842 populi
1435 1771 1464 1823 et
1486 1771 1605 1823 senatus
1627 1781 1695 1824 sena

421 1877 484 1930 turn
509 1876 554 1929 ter
575 1867 630 1947 legi
653 1869 734 1930 etin
757 1868 912 1931 consulatu
935 1875 1018 1930 sexto
1040 1886 1162 1930 censum
1186 1866 1287 1948 populi
1308 1863 1448 1945 collega⁸)
1471 1885 1500 1926 m
1516 1864 1635 1945 agrippa
1650 1866 1695 1945 egi

418 1971 543 2034 lustrum
578 1980 646 2051 post
676 1991 786 2033 annum
803 1973 934 2034 'alterum
962 1981 992 2032 et
1013 1970 1298 2051 quadragesimum⁴)
1326 1968 1381 2030 ieci
1390 1969 1414 2047 ⁶)
1441 1989 1500 2048 quo
1522 1969 1616 2030 lustro
1637 1969 1695 2032 ciui

419 2093 470 2136 um
501 2093 692 2136 romanorum
723 2075 832 2138 censita
860 2083 929 2137 sunt
956 2073 1050 2156 capita
1079 2074 1271 2154 quadragiens
1301 2080 1420 2134 centum
1451 2071 1541 2134 millia
1569 2081 1599 2134 et
1626 2092 1694 2134 sexa

374 2199 387 2240 a
417 2178 495 2257 ginta
519 2179 573 2240 tria
589 2225 723 2240 .....
734 2261 736 2264 ¹
748 2222 1348 2241 ....................
1361 2193 1429 2238 cum
1452 2194 1546 2256 nuper
1567 2175 1692 2238 lustrum

418 2282 498 2344 solus
521 2281 608 2363 iecil)
631 2301 788 2344 censorum
835 2328 1093 2344 .........
1117 2280 1224 2360 sinici)
1247 2299 1297 2342 cos
1318 2299 1377 2360 quo
1399 2279 1493 2341 lustro
1516 2298 1601 2342 censa
1624 2289 1694 2342 sunt

419 2385 530 2448 ciuium
552 2405 742 2448 romanorum
776 2431 1065 2447 ..........
1089 2384 1270 2465 quadragens
1293 2391 1413 2446 centum
1436 2382 1525 2444 millia
1547 2393 1578 2444 et
1599 2384 1694 2444 ducen

419 2497 446 2550 ta
478 2489 595 2569 triginta
620 2489 674 2551 tria
712 2535 875 2550 ......
899 2489 930 2550 in
952 2487 1106 2550 consulatu
1129 2489 1148 2548 ii
1171 2531 1179 2546 .
1204 2533 1210 2547 .
1235 2533 1242 2546 .
1266 2533 1273 2546 .
1297 2505 1365 2549 cum
1388 2485 1542 2566 nuperime
1565 2486 1692 2548 lustrum

419 2611 486 2654 cum
510 2592 574 2671 lega
596 2591 700 2653 tiberio
717 2637 1068 2654 ............
1093 2600 1165 2653 sext.
1188 2591 1325 2672 pompeio
1347 2598 1377 2652 et
1398 2599 1471 2652 sext
1509 2590 1622 2672 apuleio
1644 2609 1693 2652 cos

358 2713 386 2757 ro
413 2715 472 2776 quo
495 2696 589 2758 lustro
614 2739 1248 2756 .....................
1270 2711 1336 2754 rom
1359 2695 1486 2774 capitum
1510 2694 1693 2773 quadragena

414 2807 534 2860 centum
562 2797 614 2861 mil
651 2843 909 2859 .........
912 2783 923 2804 ⁰
933 2842 1318 2858 .............
1341 2797 1431 2878 iginta
1453 2806 1483 2859 et
1505 2807 1616 2879 septem
1642 2797 1694 2859 mil

414 2901 489 2982 legip
515 2920 555 2962 no
586 2946 1157 2962 ...................
1174 2902 1305 2982 exempla
1329 2901 1473 2964 maiorum
1497 2899 1692 2964 exolescentis

413 3003 471 3066 iam
503 3023 539 3066 ex
566 3023 621 3067 nos
650 3051 1159 3066 .................
1181 3005 1341 3067 multarum
1364 3023 1463 3068 rerum
1486 3007 1617 3086 exempla
1639 3004 1692 3066 imi

322 3313 378 3388 3,ι
409 3315 530 3377 honoris
553 3316 610 3377 mei
632 3315 751 3394 causa⁸)
777 3323 896 3377 senatus
918 3317 1102 3396 populusque
1125 3335 1265 3378 romanus
1288 3334 1398 3378 annum
1423 3316 1561 3396 quintum
1584 3324 1614 3378 et
1629 3316 1691 3378 deci

414 3437 498 3480 mum
520 3420 633 3498 agentis
656 3419 785 3481 consulis
808 3420 972 3498 designauit
980 3419 1006 3499 ο)
1029 3429 1062 3481 ut
1083 3438 1151 3482 oum
1175 3422 1378 3500 magistratum
1403 3421 1511 3482 inirent
1533 3429 1600 3499 post
1621 3419 1691 3499 quin

414 3521 624 3602 quennium¹⁰)
654 3541 689 3584 ex
716 3541 751 3583 eo
778 3521 824 3583 die
851 3522 910 3583 duo
936 3523 1101 3602 deducti¹¹)
1131 3523 1162 3585 in
1189 3542 1331 3585 eorumue
1360 3522 1535 3585 interessent
1557 3522 1690 3584 consiliis

413 3625 539 3706 publicis
580 3625 711 3688 decreuit
753 3634 872 3687 senatus
913 3625 1027 3705 equites
1073 3636 1170 3688 autem
1208 3627 1323 3688 romani
1361 3627 1491 3689 uniuersi
1529 3626 1690 3708 principem

367 3747 380 3790 a
411 3775 1172 3791 .........................
1195 3730 1288 3792 hastis
1309 3730 1455 3810 argenteis
1485 3733 1625 3794 donatum
1654 3749 1690 3810 ap

414 3833 598 3914 pellauerunt

413 3935 479 3998 libri
505 3935 621 3998 romani
644 3936 755 3998 uiritim
791 3981 1018 3996 ........
1053 3955 1141 4015 cenos
1164 3937 1320 3999 numeraui
1343 3957 1378 3998 ex
1400 3945 1576 4000 testamento
1599 3937 1689 4018 patris

414 4041 472 4102 mei
495 4049 524 4102 et
545 4038 703 4115 nomini¹²)
726 4058 793 4101 meu
826 4085 989 4100 ......
1012 4039 1170 4119 dringenos
1194 4060 1229 4102 ex
1251 4041 1394 4103 beliorum
1419 4040 1565 4103 manubiis
1588 4041 1691 4102 consul

416 4143 552 4222 quintum
601 4142 666 4205 dedi
710 4143 818 4205 iterum
862 4152 961 4205 autem
1006 4144 1035 4204 in
1080 4144 1235 4206 consulatu
1279 4144 1392 4206 decimo
1436 4165 1471 4207 ex
1514 4142 1690 4224 patrimonio

360 4265 383 4307 ιο
410 4265 476 4309 meo
509 4246 555 4307 bis
588 4245 805 4327 quadringenos
835 4247 963 4326 congiari
990 4246 1100 4309 uiritim
1130 4247 1238 4309 iterum
1267 4267 1333 4310 aere
1364 4245 1504 4327 merui¹⁸)
1532 4257 1562 4308 et
1588 4249 1691 4310 consul

413 4350 662 4430 undecumum¹⁴)
709 4350 863 4412 duodecim
896 4350 1138 4418 frumentationes
1178 4353 1327 4413 frumento
1366 4350 1503 4432 priuatim
1542 4351 1690 4433 columpio

411 4454 596 4534 emensus¹⁵)
647 4471 713 4515 sum
764 4462 795 4515 et
838 4453 992 4516 tribunicia
1036 4463 1180 4535 potestate
1224 4454 1430 4517 duodecimum
1474 4455 1689 4536 quadringenos

385 4629 405 4694 Ι)
423 4627 580 4680 romanoeV
659 4627 679 4688 ¹)
698 4627 811 4678 iumen
888 4628 908 4688 8)
927 4627 1065 4692 conlegar
1141 4629 1162 4694 ⁴)
1180 4627 1441 4694 quadragensimum
1518 4629 1540 4694 ι)
1558 4633 1604 4680 ior.
1619 4632 1689 4680 ntra

281 4715 444 4782 pomtderes
462 4715 514 4779 legi
534 4713 561 4765 V
659 4713 682 4777 8)
704 4716 753 4764 ins.
772 4715 845 4764 intra
860 4713 1025 4780 pcrentdercr
1043 4712 1096 4779 legi
1115 4713 1144 4765 V
1241 4715 1261 4778 ἵ)
1279 4729 1310 4765 co
1327 4718 1387 4764 onte
1403 4714 1471 4766 ainio
1490 4719 1644 4783 expunctum
1663 4715 1691 4768 V

283 4799 306 4863 ⁸)
330 4816 453 4853 musano
564 4800 584 4866 ο)
607 4799 779 4864 disignavite
892 4801 921 4862 ¹⁰)
945 4807 971 4851 ct
993 4802 1075 4850 inm
1186 4798 1279 4866 ¹¹)...
1304 4802 1391 4850 inco
1503 4802 1534 4864 ¹¹)
1558 4802 1689 4852 nominee

287 4887 316 4954 ιι)
334 4904 420 4940 rernm
439 4887 495 4939 crui
513 4903 527 4937 o
627 4886 660 4950 ¹⁴)
678 4887 836 4938 undecimum
852 4902 867 4937 v
968 4884 1001 4946 ι“)
1019 4893 1133 4953 coempto
1151 4886 1278 4938 dimensus
1296 4901 1310 4936 o
