3798 5584
319 449 360 512 92
916 446 965 516 Ν,
983 449 1018 504 36
1036 449 1071 504 37

317 625 419 700 diana,
447 625 505 688 nisi
526 626 605 707 quod
626 625 657 687 in
680 626 727 688 his
748 630 861 709 imperat
880 627 1069 691 scribendum
1093 638 1152 703 est3
1179 647 1248 692 nam
1271 630 1349 691 inter
1370 649 1386 690 a
1408 638 1438 692 et
1459 632 1471 691 l
1491 629 1589 692 hiatus
1612 648 1670 692 una

317 730 414 792 littera
435 749 495 792 non
518 730 589 792 satie
611 731 752 812 expletur.
790 730 849 792 Nec
871 748 1047 813 magnopere
1069 730 1191 794 ollendit
1212 733 1363 812 genetivus
1385 732 1540 813 singularis
1563 751 1672 796 secun-

318 834 371 896 dae
404 832 605 896 declinationis
636 833 676 896 ita
708 835 765 896 boc
797 833 859 896 solo
891 834 956 896 loco
989 835 1019 896 in
1052 837 1091 897 ·r‘i
1114 835 1235 911 liniens,
1271 855 1338 898 cum
1366 845 1481 900 constet
1512 856 1545 899 ea
1577 845 1671 899 aetate

317 945 473 1018 utramque
505 937 741 1018 orthographiam
777 938 807 1000 in
842 956 899 999 usu
928 936 1019 1000 luisse
1053 946 1084 1000 et
1112 939 1199 1002 etiam
1228 939 1260 1001 in
1285 940 1416 1002 ablativis
1444 939 1564 1023 pluralis
1591 940 1673 1002 eius·
1745 947 1754 962 ‘

317 1041 384 1104 dem
412 1040 614 1104 declinationis
644 1060 698 1122 pro
727 1041 814 1104 solito
841 1046 882 1104 -r'e
915 1051 961 1104 ter
992 1051 1130 1122 quaterve
1161 1043 1325 1125 reperiatur
1357 1047 1417 1106 -r'is,
1462 1043 1673 1126 Supplementa

317 1155 414 1209 autem
443 1145 571 1226 pendent
600 1163 617 1206 a
643 1146 828 1225 quaestione,
855 1166 914 1227 quo
940 1146 1005 1210 iure
1030 1146 1118 1208 editio
1140 1147 1277 1209 ludorum
1301 1147 1492 1210 saecularium
1521 1149 1597 1208 iacta
1623 1145 1672 1208 eit

316 1249 388 1311 Eam
411 1247 623 1310 Hirschfeldius
652 1257 787 1329 repetens
809 1268 824 1310 a
849 1249 1004 1312 tribunicia
1026 1258 1170 1332 potestate
1193 1270 1228 1312 eo
1250 1249 1339 1313 trabit
1360 1250 1448 1313 rerba
1473 1253 1587 1330 imperti
1612 1249 1673 1312 col-

318 1355 381 1434 lega
408 1354 490 1434 (nam
521 1352 560 1414 ita
590 1352 697 1432 iungit)
720 1353 758 1413 M.
774 1353 912 1435 Apnppm
940 1354 1027 1416 nixus
1049 1353 1221 1436 praesertim
1245 1374 1279 1416 eo
1301 1355 1380 1434 quod
1401 1356 1432 1416 in
1455 1362 1575 1416 senatus
1597 1371 1674 1416 con-

318 1459 395 1521 sulto
417 1458 453 1520 de
474 1456 522 1518 his
543 1455 620 1518 ludis
643 1455 763 1517 edendis
785 1459 861 1519 lacto
883 1456 927 1537 (C.
944 1456 966 1518 l.
981 1455 1014 1520 L.
1031 1457 1076 1532 Vl,
1093 1458 1167 1535 877)
1182 1458 1203 1518 ii
1225 1457 1364 1521 dicuntur
1382 1457 1475 1520 futuri
1497 1477 1561 1520 esse
1578 1458 1674 1537 [edea-

317 1563 393 1624 te'bue
418 1565 484 1642 imp.
509 1560 633 1641 lupum
663 1559 700 1621 M.
723 1559 855 1640 dprrplpa
877 1561 1057 1641 trabantclia)
1079 1571 1215 1642 potestate
1225 1562 1247 1638 ¹)
1270 1565 1319 1639 (cl.
1343 1561 1521 1625 Censorinus
1545 1563 1593 1635 17,
1619 1563 1674 1624 11:

318 1669 432 1749 quietos
459 1664 543 1727 ludos
656 1664 929 1745 Caesaraugustae
955 1676 981 1726 et
1008 1663 1133 1746 Agrippa
1157 1664 1311 1745 feceratet).
1363 1666 1419 1728 Sed
1441 1665 1468 1726 oi
1490 1665 1676 1729 coniecturae

318 1770 437 1832 obstant
459 1766 645 1848 gravissimae
668 1766 873 1829 dubitationes.
911 1767 1113 1849 Transpositio
1136 1766 1260 1847 genetivi
1283 1787 1299 1829 a
1322 1767 1534 1831 consuetudine
1549 1771 1674 1850 Augusti

318 1872 525 1956 proprietatem
553 1879 583 1934 et
605 1869 822 1950 simplicitatem
845 1871 990 1933 sermonis
1012 1873 1058 1934 vel
1080 1872 1206 1933 maxime
1228 1873 1321 1934 secuti
1343 1871 1428 1952 plane
1450 1873 1597 1948 abhorret,
1620 1893 1676 1938 ne-

318 1997 376 2059 que
397 1977 433 2039 ad
456 1994 603 2038 summam
626 1983 800 2056 potestatem
817 1974 1035 2054 significandam
1051 1975 1202 2055 Augustus
1219 1975 1358 2037 vocabulo
1380 1975 1495 2057 imperii
1511 1978 1676 2056 ullomodo

320 2083 363 2145 uti
384 2081 481 2164 potuit
502 2088 533 2142 et
554 2079 648 2141 multo
671 2077 770 2141 minus
792 2076 822 2139 in
845 2079 934 2140 rebus
957 2078 1046 2141 sacris
1068 2087 1098 2141 et
1121 2078 1249 2140 urbanis.
1275 2077 1335 2141 Nec
1357 2079 1457 2141 minus
1479 2099 1567 2160 quam
1588 2101 1677 2144 voca-

319 2186 387 2247 bula
414 2204 461 2246 res
488 2182 651 2245 offendunt.
696 2182 847 2244 Ludorum
876 2182 1068 2245 saecularium
1098 2181 1256 2245 editionem
1286 2182 1350 2244 iure
1373 2193 1520 2266 spectasse
1547 2184 1583 2246 ad
1613 2185 1678 2246 col·

318 2290 427 2368 legium
459 2285 723 2367 quindecimuirum
756 2303 817 2347 non
850 2286 945 2348 solum
980 2285 1043 2347 aliis
1078 2285 1254 2348 testimoniis
1281 2286 1417 2368 plurimis
1445 2287 1677 2368 certissimisque

322 2399 446 2464 constat,
469 2390 520 2452 sed
543 2389 579 2452 de
600 2389 672 2471 ipsis
694 2388 772 2452 ludis
794 2408 820 2450 a.
838 2388 898 2450 737
922 2388 1074 2452 celebratis
1097 2408 1131 2450 eo
1154 2389 1383 2466 demonstratur,
1406 2393 1484 2472 quod
1504 2391 1533 2454 in
1550 2410 1677 2454 nummo

320 2495 353 2556 L.
374 2493 505 2556 Mescinii
534 2494 601 2555 Rufi
631 2492 745 2573 (Cohen
771 2492 844 2572 Aug.
866 2493 941 2571 461)
970 2492 1007 2554 ad
1034 2491 1152 2574 cippum
1175 2493 1352 2577 inscriptum
1374 2500 1442 2576 imp.
1460 2494 1593 2576 Gaea(ar)
1615 2495 1678 2558 du-

317 2599 443 2680 p(ostae)
470 2597 578 2678 laedae)
604 2597 778 2672 scedulam
803 2595 864 2658 scil.
882 2598 962 2677 fecit)
997 2596 1134 2678 bipertito
1161 2597 1340 2680 adscriptum
1367 2609 1413 2661 est
1438 2599 1588 2673 xv·s·a‚
1616 2598 1679 2661 sire

320 2721 388 2763 cum
410 2700 548 2763 Eclbelio
571 2699 614 2779 (6,
632 2700 704 2776 102)
727 2699 756 2761 id
778 2698 814 2762 ad
837 2698 991 2779 collegium
1014 2703 1105 2763 relers
1124 2700 1223 2783 legens
1242 2702 1372 2783 ηψπ)
1394 2701 1464 2776 sive,
1487 2702 1567 2783 quod
1582 2701 1677 2782 magis

320 2805 478 2888 probarim,
502 2823 570 2867 cum
590 2803 739 2866 Cbisbullo
761 2803 797 2865 ad
819 2803 917 2883 ipsum
933 2803 1098 2882 Augustum
1120 2805 1220 2885 legens
1237 2805 1365 2886 rr(vir).
1402 2805 1590 2868 liemonstrat
1612 2823 1677 2868 rem

320 2909 391 2972 item
414 2909 493 2990 quod
515 2906 715 2989 subscriptum
738 2917 784 2970 est
805 2908 888 2969 lastis
910 2906 1126 2988 Capitolinis²):

524 3011 588 3092 ludi
605 3010 766 3074 saeculares
787 3017 890 3092 quirat.

621 3119 689 3196 torp.
710 3116 829 3179 Caesare
850 3115 909 3178 diui
927 3116 951 3195 s.
966 3113 1092 3195 Augusto

624 3218 656 3281 G.
672 3219 769 3280 Seatr'o
792 3218 822 3281 G.
837 3220 862 3300 s.
880 3217 910 3280 G.
925 3238 954 3285 a.
970 3217 1128 3280 Saturnino

621 3322 660 3384 M
677 3321 797 3385 Claudio
817 3322 857 3384 M.
871 3324 896 3403 s.
911 3321 950 3383 M
965 3341 995 3383 a.
1014 3320 1150 3382 Marcello

623 3427 661 3488 M
678 3425 760 3506 Fufio
782 3425 821 3487 M.
836 3427 860 3506 s.
1018 3423 1150 3503 Strigoae

622 3529 658 3591 D.
674 3528 767 3616 laelio
789 3529 826 3591 D.
840 3531 866 3610 s.
880 3528 916 3590 ll.
932 3548 961 3590 a.
977 3527 1076 3590 ilatio.

323 3634 381 3696 Sed
403 3643 470 3696 ante
493 3633 592 3696 omnia
614 3633 674 3714 ipsa
696 3632 800 3695 indicis
819 3632 907 3695 verba
922 3650 1042 3694 ornnem
1059 3631 1271 3694 dubitationem
1286 3630 1493 3713 praecludunt·
1515 3648 1584 3693 nam
1599 3631 1681 3712 quod

321 3738 364 3800 ait
392 3738 528 3819 princeps
554 3737 639 3800 ludos
668 3737 771 3799 iecisse
799 3756 830 3798 se
855 3754 909 3818 pro
938 3735 1062 3816 conlegio
1088 3739 1266 3798 ruotbertum
1295 3734 1366 3815 quid
1399 3745 1446 3798 est
1477 3735 1556 3797 aliud
1588 3753 1679 3815 quam

322 3841 426 3904 iecisse
448 3862 480 3904 se
502 3862 538 3904 er
560 3842 678 3904 decreto
700 3837 836 3921 collegii?
869 3840 963 3913 Quam
984 3838 1022 3900 ob
1037 3859 1100 3902 rem
1116 3847 1149 3901 ut
1163 3839 1240 3901 ludis
1255 3839 1403 3902 Arvalium
1419 3839 1526 3903 annuis
1541 3839 1681 3920 magister

323 3945 436 4025 collegii
470 3946 631 4027 praesidet,
663 3945 703 4007 ita
736 3945 772 4007 de
798 3943 874 4006 ludis
905 3942 1103 4005 saecularibus
1133 3941 1269 4005 similiter
1296 3942 1459 4006 decreverit
1486 3961 1605 4006 necesse
1633 3949 1682 4004 est

1172 3395 1246 3456 atap.
1271 3379 1374 3438 avoir.

423 4195 444 4262 ¹)
462 4195 587 4260 Berglriua
610 4195 741 4262 supplevit
759 4211 782 4261 p.
795 4195 842 4245 lb:
865 4191 937 4244 laedor
950 4231 956 4244 .
970 4231 976 4244 .
990 4231 996 4243 .
1010 4193 1142 4261 [praeiere
1169 4191 1286 4243 moero
1303 4193 1423 4260 Augusti
1444 4197 1469 4244 et
1487 4191 1524 4248 M.
1541 4191 1683 4260 Agrtplpee

322 4283 484 4349 tribuendae)
499 4286 623 4351 potestate
635 4285 761 4351 [πίνναις
775 4289 802 4334 at
819 4295 928 4332 marmor
946 4281 1011 4347 qnod
1029 4279 1190 4330 extatbabet
1208 4279 1273 4346 ire,
1292 4295 1340 4330 non
1355 4289 1419 4333 ΡΑΕ.
1449 4279 1588 4331 Praeterea
1600 4293 1681 4329 aanor

323 4371 358 4421 ita
378 4385 427 4421 non
444 4376 530 4437 potest
546 4369 697 4433 significari.
978 4395 981 4406 ·

423 4457 444 4520 ²)
463 4455 522 4508 c.1.
540 4453 592 4506 [tl
612 4473 633 4522 p.
646 4456 706 4507 442.
740 4455 865 4519 Bergkins
889 4471 912 4521 p.
926 4453 958 4504 74
976 4452 1086 4504 afferens
1103 4465 1136 4502 ex
1154 4451 1233 4503 Zellii
1252 4451 1353 4504 delectu
1371 4451 1434 4504 397:
1456 4468 1481 4502 a.
1491 4467 1516 4520 p.
1529 4449 1560 4502 lt.
1578 4466 1599 4502 e.
1617 4452 1683 4520 imp.

326 4543 433 4594 muare
450 4541 504 4594 divi
521 4541 679 4610 Vespasiani
692 4542 751 4610 filio
768 4541 914 4592 Dnrnrta'aao
931 4540 1002 4607 Aug.
1018 4537 1164 4592 ammte
1181 4541 1307 4606 magistro
1324 4541 1418 4590 avoir.
1432 4555 1467 4590 ece
1478 4555 1501 4589 a.
1517 4554 1538 4590 e.
1554 4536 1611 4590 ludi
1625 4553 1683 4588 eae·

323 4627 424 4685 cabrer
434 4631 516 4697 sacti,
535 4635 562 4680 et
578 4628 716 4681 adnotans:
733 4629 832 4698 ‘quibas
851 4628 979 4678 commode
997 4625 1035 4677 nti
1054 4641 1187 4694 pessumae
1204 4626 1236 4676 ad
1254 4622 1336 4676 laetos
1348 4625 1506 4692 Capitolinos
1519 4625 1685 4692 supplendos,

324 4717 351 4767 in
374 4716 464 4782 quibua
485 4717 516 4767 de
538 4715 656 4767 versibus
674 4716 782 4783 quiaque
800 4722 854 4765 trea
878 4713 1024 4764 intermedii
1041 4713 1153 4764 radendo
1173 4712 1252 4763 deleti
1271 4707 1351 4774 sunt’,
1373 4726 1423 4761 non
1441 4711 1510 4763 vidit
1527 4710 1637 4762 Zelliam
1656 4709 1683 4762 id

324 4803 495 4869 sumpsisses
514 4801 701 4868 Fleetwoodio,
719 4799 919 4852 Fleetwoodiam
932 4815 964 4851 ea
983 4799 1047 4866 ipsis
1065 4799 1160 4851 tabulis
1178 4797 1332 4866 Capitolinis
1355 4798 1480 4866 suppletis
1499 4798 1603 4850 seilicet
1620 4813 1684 4848 aon-

324 4889 438 4954 iectare;
456 4891 521 4956 qnod
540 4904 637 4955 moneo,
654 4889 732 4955 periti
750 4895 779 4939 nt
796 4887 906 4954 rideant,
925 4885 1039 4953 imperiti
1058 4901 1089 4937 ne
1107 4885 1277 4954 decipientur.
