3812 5580
348 436 412 500 194
765 427 1054 485 ORTHOGRAPHIA
1073 425 1292 482 unumouvu

345 613 491 674 bominum
513 612 603 674 nuilite
625 629 773 691 nunqnam
794 615 891 672 uu'nns
913 613 1118 691 quinquaqinta
1135 619 1161 671 et
1182 607 1312 682 duceque,
1335 606 1416 668 color
1437 604 1577 668 orationis
1599 622 1707 668 nume-

346 734 449 777 rorum
479 714 638 794 legitimam
670 714 884 776 ordinationem
913 713 1044 792 paullum
1074 710 1208 774 mutarit.
1251 710 1315 773 [luo
1337 709 1400 786 alii,
1426 711 1539 789 [vitiem
1560 711 1656 788 se]rnei
1677 721 1709 773 et

350 819 625 899 septuagensu[mum
647 818 780 894 centuni
804 816 854 878 ubi
876 826 978 878 utrum
1001 816 1104 896 copula
1128 814 1216 876 luerit
1231 833 1334 888 necne,
1355 832 1459 895 parum
1475 823 1605 894 apparet,
1627 813 1709 876 ordi-

346 940 414 983 nem
448 931 569 1003 apparet
595 921 709 1001 neglegi
735 929 883 1001 praeterea
911 929 1081 982 constanter
1107 926 1271 993 servatum,
1301 920 1424 980 tortasse
1449 917 1518 979 inde
1545 915 1709 998 explicandi

347 1034 429 1100 sunt,
458 1026 536 1104 quod
566 1044 633 1087 cum
662 1033 822 1103 utrumque
851 1031 954 1104 caput,
982 1032 1016 1085 ut
1037 1023 1108 1090 item
1132 1020 1254 1084 tertium
1276 1023 1313 1083 de
1334 1040 1426 1084 censu
1448 1021 1535 1084 tertio
1556 1029 1587 1083 et
1607 1021 1706 1102 ipsum

347 1129 564 1209 quodammodo
592 1148 609 1190 a
637 1127 789 1190 communi
810 1127 873 1206 lege
896 1127 1044 1200 recedens,
1068 1126 1103 1187 ad
1118 1124 1243 1205 Augusti
1265 1144 1376 1188 aunum
1399 1135 1563 1187 extremum
1585 1132 1707 1204 spectet,

347 1232 418 1294 baec
440 1232 537 1295 addita
560 1233 619 1293 sint
641 1250 761 1293 necesse
782 1239 828 1292 est
850 1238 902 1292 aut
923 1230 959 1292 ab
982 1230 1046 1311 ipso
1069 1230 1125 1291 sub
1148 1239 1273 1291 mortem
1297 1236 1357 1302 aut,
1380 1227 1410 1290 id
1432 1228 1512 1307 quod
1535 1227 1627 1306 magis
1642 1245 1708 1288 cre-

347 1335 483 1410 diderim,
505 1336 551 1416 pia
574 1334 799 1415 interpolatione
822 1342 969 1414 postuma.
1006 1333 1079 1395 Nam
1096 1351 1196 1394 rerum
1214 1341 1361 1412 gestarum
1375 1329 1561 1412 imperatoris
1577 1329 1708 1392 defuncti

347 1438 578 1500 commentarius
600 1437 629 1499 in
660 1437 732 1499 urbe
760 1445 790 1498 et
818 1456 871 1516 per
899 1436 1064 1518 provincias
1092 1436 1263 1517 imperfecte
1288 1435 1414 1516 proponi
1436 1452 1496 1496 non
1517 1433 1629 1504 debuit,
1651 1431 1708 1495 etsi

347 1560 416 1611 eum
445 1541 583 1623 princeps
609 1540 739 1602 moriens
760 1540 967 1621 imperfectum
991 1539 1119 1619 reliquit,
1142 1558 1197 1601 nec
1228 1538 1316 1600 taceri
1343 1537 1379 1599 de
1405 1554 1497 1598 ceusu
1524 1534 1625 1609 tertio,
1653 1533 1708 1596 etsi

346 1644 478 1725 primum
506 1653 537 1706 et
564 1643 727 1705 secundum
751 1644 846 1705 solum
870 1645 1007 1725 princeps
1028 1643 1092 1724 ipse
1115 1651 1274 1704 enarrarat.
1317 1639 1428 1701 uocem
1451 1657 1512 1701 uon
1535 1638 1598 1700 sine
1620 1655 1708 1700 causa

347 1751 509 1822 reseretur,
542 1747 619 1828 quod
650 1747 680 1809 in
703 1746 749 1808 bis
771 1758 1023 1828 septuagensumus
1044 1755 1090 1808 est
1112 1765 1164 1827 per
1185 1766 1206 1807 u
1227 1744 1355 1807 litteram
1378 1743 1501 1823 abipso
1523 1741 1657 1821 Augusto
1676 1741 1708 1802 in

347 1850 455 1913 talibus
485 1851 589 1913 lormis
617 1859 786 1913 constanter
807 1850 954 1912 evitatam.
999 1850 1093 1923 Quam
1117 1849 1155 1910 ob
1177 1867 1240 1910 rem
1262 1847 1432 1920 videndum,
1454 1864 1553 1910 aunon
1574 1865 1650 1924 quae
1671 1845 1709 1906 ad

347 1962 477 2016 extrema
499 1954 623 2034 Augusti
646 1963 778 2035 tempora
801 1961 936 2034 spectant
957 1952 1105 2015 a'l'iberio
1129 1952 1220 2032 magis
1243 1969 1331 2031 quam
1354 1949 1391 2012 ab
1412 1948 1477 2029 ipso
1492 1951 1622 2030 prolecta
1638 1947 1706 2010 sint

348 2056 474 2138 Copulne
500 2068 598 2120 autem
622 2078 694 2120 usus
715 2065 877 2139 perpetuus
899 2055 1066 2136 limpiditati
1087 2054 1233 2116 sermonis
1255 2052 1379 2133 Augusti
1401 2051 1522 2114 omnino
1543 2060 1630 2133 aptus
1652 2060 1708 2113 est.

447 2159 588 2222 lldverbia
610 2160 779 2233 numeralia,
803 2179 877 2238 quae
899 2159 1086 2220 iterationem
1109 2157 1284 2238 significant,
1306 2155 1444 2238 princeps
1466 2174 1527 2218 non
1547 2155 1579 2216 in
1595 2175 1628 2218 -o
1642 2158 1706 2216 ior-

349 2261 455 2335 marit,
484 2262 534 2323 sed
556 2264 587 2324 in
611 2283 678 2324 -um
699 2264 862 2325 secundum
886 2281 974 2324 usum
997 2263 1089 2342 magis
1111 2261 1285 2343 probatum,
1313 2259 1444 2321 scribens
1467 2261 1585 2321 tertium
1607 2256 1708 2319 comui

352 2373 382 2428 et
403 2364 446 2426 sic
468 2363 615 2446 deinceps.

447 2467 530 2529 Addo
553 2468 711 2547 singularia
733 2469 817 2530 haec:

490 2572 525 2634 nb
549 2590 608 2633 non
632 2572 779 2653 reperitur
798 2571 857 2632 nisi
879 2579 946 2633 ante
969 2570 1097 2632 vocalem
1121 2570 1166 2631 rel
1186 2571 1206 2632 b
1226 2569 1365 2631 litteram.

487 2693 551 2736 cum
573 2693 628 2756 quo
649 2693 679 2736 ιν
694 2693 729 2749 su,
752 2693 812 2736 non
835 2691 969 2756 quocum.

488 2795 526 2838 eu
548 2785 719 2839 constanter
740 2787 909 2858 usurpatur,
933 2794 1097 2856 numquam
1120 2793 1143 2836 e.

488 2879 577 2942 boreos
597 2898 650 2961 per
671 2899 694 2942 s.

488 2983 631 3045 incubare.

487 3085 676 3160 Marcomani,
699 3102 759 3146 nou
782 3083 990 3147 Marcomanni.

488 3185 633 3250 Meseoiiu.

486 3290 581 3352 millio
603 3308 721 3370 semper
742 3288 882 3351 scribitur
904 3307 957 3370 per
979 3289 990 3350 l
1011 3288 1128 3368 duplex.

483 3392 594 3472 paullo,
617 3411 678 3453 non
697 3391 797 3472 poulo.

485 3495 625 3575 pen'clum
643 3495 691 3575 (ut
705 3493 844 3573 videtur),
867 3494 1011 3569 sceclcn'e,
1033 3495 1205 3576 spectaclum
1220 3492 1264 3574 (in
1279 3489 1410 3552 auctario
1425 3495 1471 3551 est
1486 3489 1705 3570 spectaculum).

483 3600 617 3677 pignore,
640 3614 700 3658 non
719 3600 850 3677 piqnerc.

482 3699 579 3778 plebei
618 3699 733 3762 dativus
777 3697 923 3778 reperitur
964 3698 1025 3772 bis,
1064 3716 1132 3759 cum
1175 3698 1207 3759 in
1245 3695 1379 3776 genetivo
1426 3693 1573 3756 scribatur
1615 3691 1707 3772 piebis

530 3803 570 3882 (r.
594 3802 754 3866 Schneider
776 3801 805 3876 2,
822 3801 908 3881 359).

485 3907 608 3986 quietus,
629 3923 689 3967 non
713 3908 852 3985 quinctus.

485 4012 611 4080 sescenti,
632 4011 796 4071 sescentiens
817 4027 871 4088 per
892 4027 915 4069 s.

485 4109 617 4172 valetudo
640 4129 695 4191 per
717 4131 740 4173 e.

864 4265 1183 4276 -———-—

770 4440 807 4518 2.
854 4444 914 4518 De
941 4442 1106 4518 versione
1133 4439 1284 4516 Graece.

442 4616 632 4700 ldetaphrasis
654 4620 778 4682 Graecae
801 4620 942 4701 originem
962 4628 1117 4702 postquam
1134 4638 1221 4700 supra
1238 4638 1267 4699 p.
1282 4635 1312 4678 xr
1326 4615 1460 4690 indicari,
1483 4615 1548 4678 eius
1563 4613 1704 4687 indolem,

342 4720 377 4781 de
399 4739 457 4800 qua
479 4739 567 4802 supra
589 4741 720 4803 p.xxxr1
742 4723 773 4785 in
795 4724 966 4786 universum
989 4721 1113 4804 exposui
1141 4739 1288 4802 quamque
1311 4719 1381 4782 item
1404 4726 1539 4782 accurate
1569 4716 1706 4780 tractarit

342 4822 413 4887 Otto
435 4823 600 4887 Hirschfeld
627 4846 656 4908 p.
680 4826 736 4888 261
753 4825 877 4901 -264,
910 4825 1022 4907 placuit
1053 4825 1110 4886 hoc
1142 4825 1207 4886 loco
1240 4824 1405 4906 expendere
1438 4820 1547 4904 duplici
1580 4821 1706 4894 ratione,
