3812 5580
363 463 425 526 118
958 460 991 529 V,
1010 461 1116 517 at-at

380 659 444 701 aar.
461 641 490 714 5,
509 657 534 701 st
550 657 577 702 sa
602 637 778 718 Prolrincias
794 640 900 714 omnis,
917 659 991 719 quae
1006 650 1087 702 traus
1103 639 1280 702 Hadrianum
1298 660 1378 703 mare
1404 644 1536 722 vergun[t
1551 643 1597 719 old
1613 642 1713 704 onon-

551 761 577 804 aa
602 744 688 822 [te]m,
711 743 912 826 Cyrelndsque
934 743 992 806 iam
1015 761 1050 805 ex
1070 752 1153 824 parte
1168 744 1271 824 magni
1287 745 1405 824 regibus
1420 764 1469 807 eas
1483 745 1713 826 possidentibus,

546 867 573 911 aa
600 848 645 928 dt]
663 857 744 910 antea
756 846 884 909 Siciliam
898 856 928 910 et
940 850 944 932 )
958 846 1120 910 Sardiniam
1133 849 1286 928 occupatis
1298 848 1372 910 bello
1385 848 1482 910 servili
1493 848 1660 929 reciperbvi.
1675 851 1694 924 ξ
1708 847 1712 927 Ι

372 969 417 1012 en.
437 951 485 1023 15,
507 970 530 1012 ts
545 969 571 1012 rr
592 944 791 1033 Ἐπαρχείας
805 945 949 1028 ἁπάσας,
972 942 1051 1012 ὅσαι
1070 947 1075 1031 Ι
1094 951 1201 1030 πέραν
1214 949 1275 1013 τοῦ
1289 951 1426 1014 Εῑου1ου
1442 948 1569 1016 κόλπου
1584 950 1713 1015 διατεί-

549 1073 574 1115 ts
601 1067 696 1117 υουσι
718 1052 802 1137 πρὸς
822 1049 1006 1134 docleatae,
1029 1053 1085 1116 eci
1104 1049 1254 1140 Κυρήνην
1275 1055 1310 1118 ἐκ
1325 1052 1498 1138 pecatores
1512 1056 1579 1136 (sie)
1596 1058 1715 1138 μέρους

551 1179 577 1221 ts
604 1152 671 1220 ὑπὸ
701 1153 875 1240 ficoetidem
904 1157 1144 1239 κατεσχημένος
1170 1157 1226 1220 καὶ
1254 1157 1449 1244 ἔμπροσθεν
1480 1158 1636 1222 Σικελλαυ
1658 1159 1715 1222 καὶ

549 1279 574 1322 rr
599 1257 727 1344 Σαρ16ᾠ
742 1259 810 1340 (sic)
826 1257 1127 1344 nposmsrtqptvag
1138 1261 1207 1341 (sic)
1219 1259 1355 1346 πολέμῳ
1367 1261 1510 1344 δουλικῷ
1523 1258 1693 1343 ἀνέλαβον.
1708 1265 1712 1346 l

356 1363 397 1424 lle
424 1363 583 1445 provinciis
606 1364 672 1426 Sex.
696 1363 836 1445 Pompeio
868 1363 977 1443 ereptis
999 1363 1132 1426 Sardinia
1153 1384 1179 1426 a.
1207 1366 1278 1439 716,
1306 1365 1452 1429 Siciliae.
1476 1365 1537 1428 718
1560 1366 1716 1429 rideantur

356 1487 431 1548 quae
459 1466 588 1530 diximus
616 1467 653 1529 ad
675 1469 704 1542 5,
729 1471 755 1530 1.
799 1467 970 1529 Provinciae
996 1477 1094 1530 autem
1123 1489 1198 1549 quae
1227 1471 1324 1550 priore
1352 1470 1416 1532 loco
1448 1468 1616 1532 indicantur
1644 1479 1717 1532 sunt

325 1559 327 1564 ’
357 1573 518 1653 permissae
532 1570 660 1634 Antonio
676 1579 760 1651 pacto
775 1569 953 1634 Brundisino
968 1571 1145 1646 blacedonia,
1169 1571 1286 1646 Achaia,
1301 1572 1379 1647 Asia,
1395 1572 1509 1636 Pontus
1524 1581 1555 1635 et
1569 1573 1715 1654 Bithynis,

356 1674 469 1750 Cilicia,
492 1674 620 1758 Cyprus,
650 1676 747 1758 Syria,
769 1674 868 1748 Creta,
891 1673 1028 1755 Cyrenas.
1072 1675 1115 1736 Ex
1143 1675 1189 1737 his
1216 1675 1346 1756 quinque
1367 1685 1446 1739 certe
1467 1696 1542 1757 quas
1563 1687 1715 1759 postremo

355 1778 420 1841 loco
449 1780 604 1860 posuimus
630 1781 747 1860 regibus
775 1780 914 1858 elargitus
944 1788 990 1839 est
1009 1778 1165 1840 Antonius.
1210 1777 1242 1841 Si
1271 1798 1339 1841 vera
1361 1780 1482 1843 tradidit
1503 1778 1557 1842 Dio
1580 1781 1643 1855 (49,
1659 1783 1715 1862 41)

355 1880 522 1945 Ptolemaeo
544 1883 604 1944 lilio
627 1883 725 1946 omnia
747 1883 825 1945 inter
839 1881 1008 1962 Euphraten
1024 1889 1054 1943 et
1068 1880 1291 1962 Hellespontum
1307 1883 1447 1946 attributa
1461 1902 1536 1958 esse,
1558 1883 1715 1966 imperavit

356 1986 381 2047 is
396 1985 484 2048 etiam
500 1985 584 2049 Asiae
606 1995 636 2048 et
657 1986 809 2067 Bithyniae
830 1984 1001 2066 provinciis3
1024 1993 1054 2046 at
1074 1986 1214 2066 refragari
1235 1984 1351 2048 videtur
1370 1985 1546 2049 Plutarchus
1562 1989 1643 2064 (Ant.
1660 1987 1713 2063 54)

354 2108 410 2151 nee
437 2109 489 2172 per
517 2109 548 2151 se
575 2089 705 2151 narratio
734 2089 805 2151 haec
831 2087 989 2170 probabilis
1017 2097 1078 2161 est,
1106 2106 1175 2150 curn
1198 2107 1319 2168 magnae
1342 2098 1457 2153 tantum
1480 2090 1572 2170 partis
1594 2090 1715 2171 provin-

355 2192 467 2254 ciarum
489 2191 606 2272 regibus
628 2210 783 2254 concessae
805 2190 966 2253 Antonium
986 2189 1104 2252 incuset
1126 2190 1189 2271 ipse
1203 2190 1363 2271 Augustus.
1396 2192 1485 2255 Attali
1515 2193 1604 2273 igitur
1625 2193 1714 2256 Nico-

356 2296 507 2376 medisque
538 2314 627 2376 regna
659 2295 804 2358 Antonius
836 2313 853 2356 a
885 2294 1018 2356 Romano
1045 2293 1170 2375 imperio
1198 2312 1258 2356 non
1288 2295 1409 2370 avulsit3
1444 2305 1474 2358 at
1506 2305 1713 2376 praeterquam

355 2400 433 2480 quod
456 2399 630 2481 Lycaoniam
653 2408 683 2461 et
704 2397 904 2480 Pamphyliam
929 2398 1043 2460 avulsas
1065 2395 1195 2458 aCilieia
1216 2397 1365 2478 provincia
1381 2399 1524 2480 Amyntae
1546 2399 1607 2479 regi
1624 2401 1710 2462 Gala-

356 2503 412 2565 tiae
441 2502 559 2564 donavit
586 2500 652 2582 (Dio
675 2502 725 2576 49,
748 2500 804 2576 32,
832 2503 869 2562 cl.
892 2500 1062 2581 ldarquardt
1083 2499 1356 2582 Stantsveryoaltaay
1381 2502 1396 2562 1
1421 2521 1449 2582 p.
1466 2501 1557 2578 385),
1581 2503 1712 2566 restituit

355 2623 479 2685 regnum
493 2605 616 2686 Aegypti
638 2605 746 2668 finibus
768 2603 908 2683 antiquis,
930 2612 964 2664 ut
985 2611 1015 2664 et
1031 2603 1144 2685 Cyprus
1166 2603 1193 2665 ei
1214 2604 1378 2668 adiceretur
1393 2605 1554 2685 (Plutarch.
1570 2607 1638 2668 Aut
1655 2607 1711 2680 54,

354 2709 407 2770 Dio
429 2710 479 2784 49,
503 2708 553 2771 32.
576 2710 633 2783 41,
656 2707 761 2770 Strabo
786 2707 835 2779 14,
858 2705 886 2779 6,
910 2706 974 2787 bp.
990 2705 1075 2784 685),
1098 2726 1187 2787 quam
1203 2709 1260 2770 iam
1277 2709 1402 2770 dictator
1417 2708 1522 2770 Caesar
1536 2709 1573 2771 ad
1587 2729 1710 2790 regnum

352 2813 559 2895 Aegyptiacum
597 2809 814 2892 quodammodo
842 2827 946 2870 rursus
974 2809 1146 2872 adiunxerat
1172 2809 1239 2890 (Dio
1261 2811 1312 2885 42,
1334 2810 1404 2888 35),
1430 2819 1460 2872 et
1488 2812 1587 2894 Syriae
1616 2831 1667 2874 ora
1695 2831 1711 2874 a

352 2917 446 2987 limite
460 2915 583 2998 Aegypti
597 2915 633 2977 ad
648 2913 777 2976 Aradum
798 2916 859 2974 lere
873 2911 1001 2993 exceptis
1017 2911 1140 2975 urbibus
1155 2913 1231 2995 Pyro
1247 2924 1277 2977 et
1292 2914 1401 2977 Sidone
1414 2914 1568 2994 (Iosephus
1582 2923 1643 2976 ant.
1662 2915 1710 2987 15,

353 3022 381 3094 4,
407 3022 434 3095 1,
457 3020 523 3082 hell.
541 3022 568 3093 1,
594 3017 642 3092 18,
666 3017 698 3098 5)
730 3017 859 3095 itemque
891 3015 1055 3097 Coelesyria
1083 3017 1237 3098 (Iosephus
1263 3027 1324 3080 ant
1344 3019 1391 3090 15,
1414 3016 1443 3090 3,
1466 3015 1500 3092 8,
1534 3016 1710 3080 Plutarchus

351 3123 371 3184 l.
387 3122 426 3203 c.)
448 3132 478 3185 et
498 3123 681 3185 ituraeorum
704 3119 784 3200 regio
805 3119 935 3199 itemque
957 3119 1133 3181 ludaeorum
1156 3128 1186 3182 et
1200 3121 1327 3183 Arabum
1344 3119 1558 3182 Nabataeorum
1576 3121 1643 3201 (bio
1659 3123 1709 3196 49,

353 3224 408 3302 32,
434 3226 576 3306 Iosephus
606 3233 666 3286 ant.
692 3225 740 3297 15,
764 3224 792 3297 4,
818 3222 845 3283 1.
868 3241 894 3283 ο.
910 3223 939 3295 5,
962 3221 992 3296 3,
1016 3222 1081 3283 bell.
1101 3225 1127 3296 1,
1153 3222 1201 3297 18,
1223 3225 1251 3285 5.
1274 3243 1300 3286 e.
1315 3223 1366 3297 29,
1390 3222 1427 3298 3,
1454 3226 1490 3285 ci.
1506 3224 1652 3287 Eusebius
1674 3224 1709 3287 ad

352 3347 377 3390 a.
400 3328 469 3390 Abr.
494 3327 588 3406 1987)
620 3335 649 3388 et
675 3335 772 3406 partes
803 3325 944 3405 quaedam
979 3323 1094 3388 Ciliciae
1123 3325 1242 3406 (Strabo
1273 3327 1327 3400 14,
1351 3327 1386 3398 5,
1409 3323 1428 3386 3
1451 3327 1568 3406 [1669.
1596 3346 1621 3389 c.
1638 3330 1667 3402 5,
1689 3323 1739 3390 6’

351 3452 380 3513 p.
396 3433 470 3510 671)
493 3441 522 3494 et
542 3434 667 3493 fortasse
682 3429 783 3491 Cretae
805 3446 922 3508 quoque
945 3425 1011 3504 (llio
1026 3428 1076 3500 49,
1100 3427 1165 3503 32),
1187 3428 1312 3509 denique
1333 3429 1461 3509 Cyrenas
1481 3429 1529 3510 (eo
1544 3431 1624 3492 eninr
1640 3449 1711 3512 per-

353 3535 427 3597 tinet
452 3532 565 3618 Λιβύη
588 3533 666 3614 apud
694 3531 885 3593 Plutarchum
912 3530 932 3590 l.
954 3533 1010 3606 α),
1038 3529 1111 3592 haec
1132 3534 1231 3594 omnia
1252 3531 1378 3612 regenda
1401 3530 1520 3594 tradidit
1541 3533 1710 3616 Cleopatrae

351 3638 473 3717 eiusque
495 3637 554 3698 fibo
576 3655 611 3698 ex
626 3635 748 3697 Caesare
770 3640 907 3714 suscepto
923 3632 1099 3695 Caesarioni.
1136 3634 1274 3697 Restituit
1288 3635 1360 3696 item
1376 3651 1500 3714 regnum
1517 3635 1708 3716 Cyrenarum,

351 3741 516 3803 subiectum
540 3749 638 3802 umen
660 3739 844 3819 Aegyptiaco,
867 3735 1043 3816 tradiditque
1065 3736 1121 3798 snb
1144 3747 1237 3800 matre
1257 3738 1419 3818 regendum
1443 3736 1612 3818 Cleopatrae
1634 3741 1709 3802 tiliae

351 3864 421 3907 suae
443 3863 479 3906 ex
500 3843 660 3923 Cleopatra.
704 3840 844 3903 Restituit
865 3839 1001 3902 similiter
1021 3857 1146 3920 regnum
1163 3841 1262 3921 Syriae
1277 3841 1466 3922 (Plutarchus
1488 3841 1508 3901 l.
1524 3860 1565 3915 c.;
1587 3839 1642 3903 bio
1657 3843 1708 3915 49,

351 3948 415 4024 41),
437 3965 614 4027 quamquam
639 3963 743 4024 magna
764 3962 832 4026 pars
855 3942 918 4006 eius
934 3941 1103 4022 Cleopatrae
1125 3943 1222 4017 cessit,
1245 3944 1355 4006 adiecta
1370 3951 1453 4024 parte
1468 3943 1578 4004 maiore
1594 3943 1708 4006 Ciliciae

351 4051 509 4128 (Plutarch.
525 4051 544 4111 l.
560 4049 600 4129 c.)
623 4047 800 4128 tradiditque
821 4045 880 4108 tilio
903 4064 958 4108 suo
980 4064 1015 4106 ex
1036 4044 1188 4126 Cleopatra
1209 4055 1282 4109 natu
1303 4047 1411 4110 minori
1426 4045 1594 4108 Ptolemaeo
1608 4045 1708 4109 Phila-

350 4154 464 4234 delpho.
500 4153 721 4216 Constituturus
748 4159 811 4212 erat
837 4157 986 4230 praeterea
1012 4166 1136 4228 regnum
1159 4149 1328 4224 Armeniae,
1355 4149 1403 4212 cui
1423 4149 1595 4212 accederent
1616 4149 1707 4212 bledia

350 4257 542 4336 Parthiaque,
569 4253 782 4335 destinavitque
811 4251 894 4314 alteri
915 4251 975 4312 fibo
997 4270 1033 4312 ex
1055 4252 1206 4332 Cleopatra
1228 4261 1300 4314 natu
1322 4251 1424 4314 maiori
1443 4253 1610 4314 Alexandro
1633 4253 1706 4330 (liv.

350 4379 395 4440 ep.
413 4359 488 4434 131,
503 4359 581 4420 Plut.
593 4359 612 4420 l.
625 4377 667 4432 c.;
686 4377 774 4438 supra
788 4377 817 4437 p.
836 4356 918 4437 110).
942 4355 1023 4428 Quae
1037 4356 1154 4437 imperii
1167 4354 1293 4419 Romani
1308 4356 1477 4419 imminutio
1492 4357 1537 4417 vel
1552 4355 1704 4437 praecipua

350 4482 436 4524 eausa
457 4462 514 4525 luit
536 4461 603 4524 belli
625 4461 661 4524 ab
675 4462 808 4542 Augusto
829 4467 930 4522 contra
945 4459 1106 4522 Antonium
1123 4459 1252 4540 suscepti
1267 4458 1332 4533 (Dio
1348 4460 1398 4533 50,
1416 4460 1449 4532 1,
1471 4457 1549 4521 Plut.
1565 4460 1705 4534 1ο.)-

348 4565 392 4626 Ad
418 4573 550 4645 receptas
578 4565 741 4645 provincias
769 4563 911 4626 debellato
938 4563 1065 4624 Antonio
1094 4583 1120 4624 a.
1136 4583 1165 4624 u.
1181 4583 1207 4624 e.
1223 4561 1285 4623 724
1315 4561 1442 4642 pertinet
1462 4561 1639 4624 nummulus
1659 4561 1705 4623 in-

349 4669 477 4749 scriptus
492 4667 559 4731 Ario
572 4679 691 4751 recepto,
704 4687 792 4750 quem
808 4677 929 4750 propter
943 4665 1163 4748 inscriptionem
1179 4665 1285 4730 Caesar
1296 4669 1364 4747 imp.
1384 4685 1425 4724 ιιι
1437 4683 1526 4746 supra
1541 4683 1570 4746 p.
1580 4663 1619 4726 12
1631 4663 1704 4726 dixi-

349 4791 416 4834 mus
431 4789 536 4834 cusum
552 4791 616 4834 esse
630 4771 708 4835 inter
722 4792 748 4834 a.
761 4772 823 4833 ’125
838 4780 868 4834 et
884 4771 955 4843 729,
971 4768 1087 4832 videtur
1108 4777 1207 4830 autem
1229 4787 1319 4831 cusus
1341 4787 1406 4831 esse
1427 4768 1493 4848 ipso
1507 4787 1533 4830 a.
1552 4768 1624 4842 725,
1646 4787 1702 4848 quo

348 4875 505 4957 incipiente
516 4875 622 4937 Caesar
633 4875 802 4938 morabatur
811 4875 842 4936 in
850 4874 918 4938 Asia
929 4873 1044 4936 minore
1056 4871 1121 4952 thio
1133 4873 1183 4948 51,
1193 4872 1248 4948 18,
1264 4874 1300 4935 cf.
1312 4871 1572 4935 admdldomoerea
1582 4871 1701 4954 pld'l).
