3812 5580
945 415 994 483 VI,
1014 418 1117 472 24-27

540 615 565 658 aa
593 595 650 678 τῆς
677 587 785 668 οἰκίας
811 616 875 676 μου
897 593 954 657 καὶ
976 595 1011 658 ἔν
1033 597 1078 680 τῷ
1101 593 1329 680 βαυλευιηΙρίῳ
1352 597 1407 659 καὶ
1430 596 1465 662 ἐν
1486 599 1525 688 τῇ
1549 595 1653 680 ἀγορᾷ
1666 593 1706 682 τῇ

445 713 447 716 ·
542 705 571 761 ιι
592 699 740 785 Σεβαστῇ
763 693 830 762 ὑπὸ
845 699 890 781 τῷ
907 695 1039 782 ἅρματι,
1063 694 1154 783 ὅμοι
1174 701 1179 782 l
1199 698 1340 782 δόγματι
1356 700 1536 786 συνκλήιαυ
1552 698 1705 783 ἀνετέθη,

538 823 563 865 rs
592 801 818 885 ἐπιγραφῆναι
841 799 1051 885 ἐψηφίσαξτα.
1068 805 1102 881 [ξ]

350 907 436 970 Pater
457 907 567 988 patriae
588 906 749 986 appellatus
772 913 817 966 est
843 909 993 986 Augustus
1015 926 1040 968 a.
1064 927 1093 968 u.
1118 927 1142 968 c.
1159 907 1221 968 752
1244 909 1347 970 consul
1368 927 1420 969 run
1446 928 1513 971 eum
1538 908 1575 970 bl.
1591 908 1706 970 Plautio

351 1012 468 1074 Silvano
491 1011 537 1072 die
553 1010 637 1070 Febr.
654 1011 683 1082 5,
706 1009 783 1069 sicut
805 1017 952 1070 testantur
974 1011 1041 1071 lasti
1056 1010 1238 1073 Praenestini
1255 1008 1301 1086 (ad
1318 1010 1405 1088 bd.)
1422 1010 1601 1091 Ovidiusque
1624 1012 1704 1090 (last.

350 1115 379 1188 2,
398 1116 458 1176 119
475 1117 542 1193 sq).
580 1113 649 1172 Vide
665 1131 739 1192 quae
754 1112 852 1174 notavi
868 1113 903 1174 ad
919 1113 984 1174 illos
1000 1112 1031 1175 C.
1047 1113 1069 1174 l.
1085 1113 1117 1174 1..
1133 1114 1189 1176 vol.
1208 1115 1223 1173 1
1241 1134 1269 1194 p.
1286 1113 1347 1174 386
1364 1122 1394 1175 et
1408 1114 1463 1174 vol.
1480 1114 1499 1175 2
1515 1114 1550 1175 ad
1566 1133 1595 1176 n.
1612 1113 1705 1186 2107,

350 1217 400 1281 ubi
431 1217 518 1279 etiam
548 1215 662 1278 ostendi
688 1215 746 1278 iam
775 1226 843 1277 aute
871 1216 949 1278 bunc
978 1235 1089 1279 annum
1116 1217 1264 1280 interdum
1293 1225 1496 1296 compatrem
1519 1227 1707 1298 parentemve

352 1322 462 1402 patriae
485 1320 595 1382 dictum
619 1339 692 1380 esse.
736 1317 781 1379 ab
804 1327 906 1380 senatu
928 1319 1094 1400 populoque
1116 1319 1250 1380 Romano
1273 1319 1351 1380 bunc
1366 1320 1507 1381 honorem
1531 1321 1558 1381 ei
1573 1321 1705 1383 habitum

354 1443 418 1484 esse
442 1422 577 1484 scribunt
598 1421 665 1483 lasti
687 1421 775 1482 iidem
791 1421 975 1482 Praenestini
996 1429 1027 1482 ct
1050 1422 1210 1484 Suetonius
1225 1422 1311 1502 (bug.
1328 1423 1390 1497 58),
1414 1422 1527 1485 addunt
1541 1435 1707 1503 equestrem

352 1527 487 1588 ordinem
516 1527 666 1605 Augustus
693 1525 756 1606 ipse
784 1524 839 1585 boc
866 1525 930 1585 loco
958 1533 988 1585 ct
1010 1524 1131 1586 Ovidius
1155 1525 1278 1600 (tastb,
1297 1525 1378 1599 128).
1424 1527 1506 1589 Unde
1528 1527 1639 1588 collatis
1661 1529 1707 1602 iis,

350 1650 423 1710 quae
446 1630 662 1692 observavimus
685 1649 713 1710 p.
731 1631 771 1690 57
793 1629 829 1689 de
852 1628 922 1690 Gaio
945 1637 975 1689 et
996 1627 1087 1689 Lucio
1117 1629 1267 1708 appellatis
1289 1629 1471 1710 principibus
1494 1631 1655 1692 iuventutis
1678 1641 1709 1692 et

350 1755 379 1815 p.
397 1735 456 1795 147
480 1732 515 1794 de
537 1732 657 1794 Caesare
680 1751 779 1794 rerum
803 1731 895 1812 potito
917 1749 971 1811 per
992 1749 1169 1792 consensum
1184 1732 1401 1806 uniuersorum,
1423 1735 1549 1796 ellioitur
1564 1735 1707 1796 bonorem

350 1857 418 1900 eum
440 1837 566 1918 principi
588 1837 717 1898 delatum
740 1855 805 1897 esse
827 1852 888 1896 nou
911 1844 971 1895 tam
996 1843 1115 1896 senatus
1137 1835 1253 1898 decreto
1274 1837 1465 1917 (quamquam
1482 1839 1602 1900 omniuo
1623 1837 1649 1899 is
1672 1838 1708 1899 de

351 1963 384 2004 ea
407 1961 438 2003 re
462 1940 601 2019 decrevit)
624 1958 712 2019 quam
735 1939 873 2001 universo
889 1938 998 2018 populo
1014 1947 1133 2018 rogante
1149 1947 1179 2000 ct
1193 1940 1379 2002 acclamante.
1410 1940 1494 2013 Quod
1517 1939 1650 2020 sequitur
1672 1941 1709 2002 de

351 2044 592 2126 inscriptionibus
615 2062 682 2105 cum
706 2045 740 2104 ad
765 2051 900 2104 senatum
924 2042 1020 2103 solum
1040 2042 1143 2103 referri
1158 2045 1260 2123 possit,
1283 2043 1376 2105 nihilo
1392 2043 1490 2106 minus
1506 2045 1564 2105 duo
1580 2045 1708 2106 bonores

351 2169 411 2212 uno
434 2159 535 2211 tenore
556 2151 724 2209 referuntur
746 2165 841 2226 neque
863 2154 930 2207 ante
952 2145 1071 2206 decrevit
1087 2145 1143 2219 (vel
1159 2146 1279 2225 cenauit)
1302 2147 1476 2209 vocabulum
1491 2159 1606 2210 senatus
1621 2167 1708 2228 repe·

350 2253 436 2325 titur;
466 2251 577 2313 scilicet
610 2268 811 2329 quaecumque
840 2259 959 2310 senatus
987 2248 1167 2322 decreverat,
1191 2250 1353 2312 secundum
1375 2251 1465 2312 buius
1487 2251 1550 2313 aevi
1572 2251 1709 2312 instituta

351 2356 545 2418 credebantur
577 2353 721 2433 proficisci
748 2373 765 2415 a
794 2361 898 2414 senatu
927 2352 1094 2433 populoque
1116 2353 1265 2426 Romano,
1296 2372 1391 2433 neque
1417 2353 1481 2415 iure
1504 2353 1710 2433 requirebatur

351 2459 451 2541 populi
473 2476 644 2530 consensus,
667 2475 846 2536 quamquam
869 2455 919 2517 ubi
941 2465 1041 2536 aperte
1056 2456 1266 2528 declarabatur,
1288 2456 1351 2518 eius
1366 2457 1490 2518 subinde
1506 2457 1617 2518 mentio
1632 2459 1710 2518 lacta

350 2573 404 2626 est.
427 2599 468 2606 —
491 2562 594 2623 Trium
618 2569 715 2622 autem
739 2559 975 2640 inscriptionum,
998 2579 1073 2640 quae
1093 2560 1227 2621 hocloco
1243 2569 1523 2632 commemorantur,
1539 2560 1606 2622 alibi
1623 2579 1709 2621 nten-

351 2669 460 2730 tionem
489 2685 548 2728 non
578 2663 685 2725 inveni.
729 2662 891 2724 Verisimile
921 2673 1019 2724 tamen
1047 2665 1174 2743 primam
1203 2663 1421 2744 secundamque
1450 2664 1490 2726 ita
1518 2665 1708 2726 coniunctam

350 2790 415 2833 esse
438 2788 506 2832 cum
529 2767 690 2830 bonoribus
712 2785 738 2827 a.
756 2766 816 2827 727
841 2766 966 2827 decretis
989 2765 1072 2840 (ι.6,
1092 2765 1154 2845 13),
1178 2775 1210 2828 ut
1232 2767 1267 2828 ad
1284 2785 1423 2829 coronam
1440 2767 1558 2829 ciuicam
1575 2770 1710 2847 Augusto

350 2875 512 2936 dedicatam
541 2872 578 2932 ob
609 2871 685 2932 cives
713 2878 859 2942 servatos,
889 2888 976 2949 quam
1007 2887 1093 2949 posse
1116 2867 1172 2929 dici
1195 2868 1391 2930 investibulo
1414 2869 1530 2931 stetisse
1553 2871 1712 2934 confirmat

352 2977 509 3041 Suetonius
525 2975 603 3055 (Tib.
619 2973 682 3053 26),
705 2973 785 3034 etad
806 2973 942 3053 clupeum
959 2972 990 3032 in
1011 2971 1091 3032 ouria
1106 2971 1178 3033 lulia
1194 2971 1367 3033 collocatum
1383 2972 1473 3052 patris
1489 2973 1598 3053 patriae
1614 2974 1711 3034 bonor

351 3101 385 3144 eu
415 3081 533 3142 decreto
562 3076 785 3139 adscriberetur.
830 3075 1042 3154 Quadrigarum
1065 3075 1096 3136 in
1119 3077 1182 3136 loro
1205 3075 1336 3154 Augusto
1359 3075 1484 3155 principi
1506 3077 1708 3138 dedicatarum

351 3193 500 3266 praeterea
521 3192 600 3244 certa
615 3180 757 3243 memoria
772 3179 857 3241 uulla'
867 3188 1010 3261 superest.
1048 3179 1091 3240 Ex
1106 3179 1237 3240 nummis
1252 3178 1407 3258 quadrigas
1422 3179 1712 3259 repraesentantibus

351 3290 475 3350 sortasse
497 3287 555 3348 duo
578 3287 636 3346 buc
658 3284 815 3364 pertinent,
838 3283 863 3344 is
885 3283 916 3343 in
938 3302 997 3362 quo
1019 3290 1182 3343 cernuntur
1197 3281 1233 3342 ab
1248 3300 1307 3342 una
1323 3291 1404 3362 parte
1420 3283 1525 3362 aquila,
1541 3293 1607 3362 toga
1622 3282 1711 3364 picta,

351 3410 459 3453 corona
481 3389 579 3462 civica,
603 3389 639 3450 ab
661 3388 749 3450 altera
772 3386 928 3467 quadrigae
949 3387 1044 3466 iisque
1059 3385 1261 3466 superpositae
1275 3385 1433 3466 quadrigae
1448 3387 1554 3447 alterae
1571 3387 1713 3460 minores,

352 3493 498 3574 adscripto
519 3513 541 3554 a.
553 3511 584 3572 p.
602 3513 626 3574 q.
642 3491 676 3553 R.
699 3493 836 3571 pcrcrtttrl
853 3493 1068 3566 consteroctort't
1084 3490 1149 3569 ιιιο)
1165 3488 1298 3564 (Caesari
1311 3487 1435 3568 reparo
1451 3489 1572 3568 (Eokhel
1587 3490 1616 3564 6,
1635 3489 1714 3564 1133

353 3599 451 3660 Coben
472 3597 544 3677 bug.
562 3595 616 3674 78)
643 3603 673 3657 et
694 3594 719 3655 is
742 3594 772 3654 in
796 3611 855 3672 quo
877 3593 913 3654 ab
935 3611 993 3653 una
1016 3601 1098 3673 parte
1121 3602 1209 3673 caput
1231 3602 1275 3653 est
1297 3593 1432 3672 Augusti,
1458 3594 1495 3654 ab
1517 3595 1606 3656 altera
1629 3604 1714 3674 parte

352 3701 508 3782 quadrigae
530 3700 656 3772 similes,
679 3697 826 3778 adscripto
850 3695 968 3758 Caesari
989 3697 1126 3777 nargaoto)
1149 3697 1183 3776 (s.
1198 3717 1226 3776 p.
1243 3717 1268 3777 q.
1283 3695 1319 3756 ll.
1343 3695 1465 3775 (Ecldrel
1488 3697 1516 3769 6,
1533 3697 1589 3770 96;
1611 3697 1714 3758 Ceben

352 3807 425 3884 bug.
442 3803 633 3882 uro-276).
683 3801 740 3864 Sed
770 3820 864 3880 neque
893 3801 928 3862 de
959 3801 1199 3881 interpretatione
1229 3818 1422 3862 nummorum
1450 3811 1566 3864 constat
1592 3821 1647 3863 nec
1677 3803 1715 3863 de

354 3920 486 3990 tempore
520 3926 677 3980 ausorum,
711 3904 768 3966 nisi
801 3905 879 3984 quod
912 3923 980 3966 curu
1008 3903 1039 3964 in
1066 3904 1163 3984 priore
1186 3905 1337 3984 Augustus
1355 3922 1463 3985 porcus
1484 3904 1659 3986 appelletur,
1688 3906 1715 3966 is

353 4023 431 4075 certe
462 4032 552 4074 cusus
575 4011 614 4072 sit
636 4029 755 4072 necesse
779 4017 913 4070 estante
935 4008 1078 4070 bonorem
1102 4007 1193 4088 patris
1216 4009 1324 4087 patriae
1347 4006 1529 4068 sollemniter
1549 4017 1715 4088 receptum.

354 4117 440 4190 lude,
464 4116 543 4196 quod
565 4118 664 4176 lorum
687 4113 852 4192 Augustum
876 4113 1040 4174 dedicatum
1064 4120 1109 4173 est
1130 4131 1165 4173 eo
1187 4130 1274 4186 anno,
1297 4131 1356 4190 quo
1378 4112 1529 4191 Augustus
1552 4111 1717 4193 appellatus

357 4229 403 4280 est
435 4229 517 4300 pater
543 4217 669 4298 patriae,
703 4235 771 4278 carc
799 4215 907 4278 efficias
941 4235 975 4276 eo
1003 4215 1068 4295 ipso
1102 4225 1233 4294 tempore
1266 4214 1421 4294 quadrigas
1454 4215 1600 4277 dedicatas
1632 4233 1717 4289 esse;

355 4322 449 4384 immo
474 4322 498 4383 si
522 4321 551 4381 id
573 4325 683 4382 lactum
706 4328 793 4392 esset,
816 4320 852 4380 de
868 4319 959 4400 patris
975 4319 1085 4398 patriae
1100 4317 1240 4380 vocabulo
1256 4328 1356 4399 utpote
1376 4319 1507 4399 legitima
1523 4317 1718 4399 appellatione

355 4425 568 4506 comprehenso
591 4441 688 4502 neque
712 4433 832 4485 senatus
860 4442 994 4485 seorsum
1018 4423 1194 4485 decrevisset
1216 4441 1310 4501 neque
1333 4423 1396 4484 eius
1411 4424 1563 4502 Augustus
1579 4422 1635 4482 boc
1650 4421 1718 4482 loco

355 4531 535 4591 mentionem
565 4528 691 4590 lecisset.
735 4526 835 4607 ltaque
862 4529 954 4608 magis
977 4547 1014 4588 ex
1035 4528 1090 4588 boo
1112 4527 1176 4588 loeo
1198 4526 1359 4587 efficiemus
1382 4525 1581 4598 contrarium,
1605 4523 1720 4586 scilicet

355 4632 510 4713 quadrigas
533 4633 612 4713 ipsas
635 4630 780 4693 dedicatas
802 4647 867 4689 csse
889 4638 956 4689 ante
979 4647 1002 4689 a.
1029 4627 1090 4688 752
1105 4620 1222 4708 'pariter
1244 4637 1331 4706 atque
1354 4645 1492 4688 coronam
1515 4636 1546 4688 et
1567 4626 1719 4705 clupeum.

356 4737 558 4819 Scriptorum,
589 4745 623 4798 ut
650 4735 754 4797 monui
782 4732 813 4795 C.
836 4731 857 4792 l.
882 4731 914 4792 L.
937 4731 950 4791 l
971 4751 1000 4811 p.
1023 4729 1083 4791 281
1114 4731 1164 4810 (cl.
1189 4729 1312 4790 Hermae
1341 4729 1397 4789 vol.
1424 4729 1461 4789 15
1485 4747 1514 4810 p.
1534 4728 1622 4808 104),
1657 4728 1720 4790 buc

355 4841 511 4904 commodo
539 4838 615 4902 trabi
646 4844 787 4920 poterunt
816 4836 874 4898 duo
901 4833 971 4908 loci,
1000 4833 1111 4895 Horatii
1135 4839 1166 4910 (†
1182 4833 1255 4908 746)
1284 4834 1313 4894 in
1343 4832 1473 4894 carmine
1497 4833 1525 4900 4,
1543 4832 1582 4892 14
1605 4831 1720 4912 scripto
