3812 5580
324 395 389 460 200
936 386 1068 446 vuasro

324 575 448 634 sortasse
481 569 558 633 aliud
591 587 709 650 quoque
738 568 909 642 12,10.11
954 565 1012 642 τὰς
1041 567 1125 640 θέας
1155 564 1214 628 διὰ
1246 563 1363 629 ἑκατόν
1396 561 1477 630 ἐτῶν
1509 571 1687 650 γινομένας

325 669 570 756 ὀνομαζομένας
599 668 802 752 σαικλάρεις,
830 671 881 733 ubi
910 673 1003 751 glossa
1032 689 1100 733 curn
1132 670 1373 751 interpretatione
1403 670 1550 733 inunum
1579 673 1687 736 coaluit

324 777 420 857 (ludos
440 775 602 839 saeculares
624 775 653 836 in
678 776 811 856 exemplo
834 775 938 836 Latium
970 774 1112 858 scripturn
1142 777 1208 848 est).
1253 773 1313 835 lam
1337 773 1389 853 qui
1412 774 1553 853 glossario
1576 776 1686 838 Graeco

324 881 396 944 adeo
425 898 484 940 uon
512 879 614 941 didicit
641 889 719 940 recte
747 881 791 940 uti
821 889 855 940 ut
882 877 927 939 rel
960 885 1061 939 contra
1096 876 1270 938 sententiam
1299 895 1316 938 a
1345 876 1489 959 scriptore
1518 879 1684 941 institutam

324 983 411 1046 verba
432 984 518 1063 plana
541 1001 574 1044 ac
596 983 749 1063 perspicua
772 982 1026 1062 interpretaretur,
1049 979 1074 1040 is
1097 979 1263 1041 mehercule
1291 998 1351 1041 non
1369 981 1496 1042 Graecus
1519 981 1576 1043 suit
1596 981 1686 1042 homo

324 1087 375 1149 sed
397 1086 559 1148 Romanus.
605 1085 707 1147 Graeci
729 1095 827 1147 autem
852 1084 997 1147 sermonis
1020 1084 1168 1145 insuetum
1193 1101 1224 1144 se
1246 1082 1382 1164 praebuit
1408 1084 1495 1146 etiam
1518 1084 1581 1146 aliis
1603 1102 1686 1146 com-

325 1189 424 1252 missis
447 1188 607 1264 erroribus,
631 1207 646 1249 e
669 1188 777 1268 quibus
801 1188 948 1268 graviores
971 1188 1113 1268 quosdam
1138 1185 1265 1247 breviter
1287 1185 1515 1249 recensebimus.

422 1288 610 1374 ‘Saepissime
633 1292 764 1373 peccarit
784 1292 815 1354 in
845 1292 967 1354 articulo
990 1291 1036 1351 rel
1057 1289 1238 1351 admittendo
1261 1289 1310 1350 ubi
1332 1290 1415 1352 locus
1437 1291 1501 1353 eius
1527 1309 1588 1353 uon
1610 1302 1688 1354 esset

325 1397 370 1459 rel
396 1396 560 1458 omittendo
588 1394 639 1457 ubi
666 1396 758 1457 careri
786 1414 821 1457 eo
850 1394 992 1475 nequiret
1046 1392 1170 1473 Scripsit
1198 1392 1246 1454 ille
1278 1394 1341 1466 1‚7
1372 1391 1408 1455 ἐν
1435 1394 1473 1481 τῇ
1502 1390 1591 1464 τάξει
1622 1394 1688 1458 τῶν

324 1493 496 1564 ὑπατικῶν
519 1494 589 1582 ἅμα
610 1497 646 1561 ro*
670 1493 907 1580 συμβουλεύειν
929 1493 1035 1559 δοῦσα
1058 1496 1249 1572 (cumularem
1270 1496 1364 1557 locum
1386 1497 1472 1557 er'mul
1487 1498 1559 1559 ὑσοτ
1572 1507 1686 1560 παλτο-

324 1609 380 1668 tiae
400 1603 568 1684 serendae),
596 1602 645 1665 ubi
675 1601 800 1664 debebat
825 1610 877 1662 aut
899 1598 934 1664 ἐν
959 1608 1026 1672 τοϊς
1049 1593 1224 1673 ὑπατικοῖς
1247 1601 1332 1680 (App.
1349 1599 1376 1660 b.
1393 1618 1418 1661 c.
1435 1599 1464 1678 3,
1482 1601 1537 1672 51;
1561 1598 1596 1662 ἓν
1617 1611 1688 1675 τοῖς

324 1703 553 1790 τεταμιευκόσι
584 1705 637 1766 Dio
653 1705 703 1780 46,
719 1703 774 1784 29)
807 1713 858 1766 aut
889 1701 926 1767 ἐν
953 1697 1120 1766 ὑπατικοῦ
1148 1700 1255 1778 τάξει;
1284 1721 1340 1764 uec
1369 1704 1462 1782 magis
1491 1712 1570 1766 reete
1603 1704 1687 1778 12,8

324 1813 409 1884 θέας
432 1804 576 1893 ἐποίησα
600 1803 642 1870 δι’
666 1805 747 1890 ἐμοῦ
768 1807 930 1889 τετράκις,
954 1803 1011 1868 διά
1033 1802 1071 1868 de*
1092 1806 1158 1868 τῶν
1180 1801 1288 1868 ἄλλων
1310 1800 1419 1890 ἀρχῶν
1445 1803 1482 1868 ἐν
1503 1809 1594 1890 μέρει
1618 1807 1688 1890 τρλς

325 1912 381 1976 καὶ
404 1910 570 1986 εἰκοσάκις
592 1912 730 1991 (alionum
751 1914 972 1991 mcgbtrctunm
992 1911 1091 1984 uicem)
1108 1908 1225 1990 scripsit
1246 1928 1300 1990 pro
1321 1908 1365 1972 δι’
1380 1907 1489 1976 ἄλλων
1510 1911 1548 1975 aa
1570 1905 1688 1992 ἀρχῶν.

326 2017 402 2079 Item
426 2015 555 2078 abundat
581 2014 722 2077 articulus
746 2012 831 2087 14,3
855 2011 973 2075 πασῶν
995 2010 1177 2095 ἐπαρχιῶν,
1201 2010 1254 2084 αλς
1277 2007 1383 2096 ὅμορα
1408 2009 1448 2098 ἦν
1475 2012 1558 2098 ἔθνη
1580 2014 1622 2078 τά
1643 2015 1688 2100 μὴ

327 2114 587 2198 ὑποτασσόμενα
607 2118 646 2201 τῇ
671 2111 812 2200 ἡμετέρᾳ
834 2109 1007 2198 ἡγεμονίᾳ,
1036 2115 1087 2178 ubi
1114 2135 1173 2178 non
1201 2118 1347 2197 reputavit
1373 2117 1520 2198 interpres
1546 2138 1621 2199 quac
1643 2119 1688 2182 vis

326 2232 404 2285 esset
433 2220 612 2284 coniunctiri
640 2220 670 2281 in
698 2218 795 2281 verbis
825 2219 951 2299 llugusti
978 2220 1078 2301 quibua
1104 2219 1243 2300 finitimae
1268 2223 1391 2301 suamet
1411 2232 1506 2302 gentes
1528 2241 1600 2303 quoe
1630 2243 1689 2286 non

324 2336 566 2407 pareren13uam
589 2332 667 2385 recte
686 2332 824 2404 parerent
846 2322 877 2383 in
892 2322 995 2384 lacuna
1018 2322 1187 2402 suppletum
1211 2342 1276 2386 esse
1298 2343 1385 2386 nemo
1408 2324 1535 2404 negabit.
1580 2326 1688 2389 Contra

325 2428 474 2492 omittitur
488 2427 628 2490 articulus
644 2443 799 2508 perperam
825 2427 873 2498 11,
890 2427 908 2485 7
925 2421 1003 2488 ὁδὸν
1019 2423 1226 2506 Φλαμινίαν;
1251 2429 1298 2502 15,
1316 2429 1334 2489 5
1350 2422 1477 2508 μᾶλλον
1499 2425 1689 2512 ἐβουλήθην

324 2527 500 2613 βασιλείαν
527 2527 674 2614 Τιγράνῃ
698 2527 826 2601 όοὺναι,
848 2528 898 2591 ubi
915 2529 940 2590 si
963 2528 1061 2590 minus
1083 2524 1205 2612 ταύτην
1226 2528 1285 2613 τὴν
1306 2526 1482 2611 βασιλείαν
1505 2529 1638 2613 (reptatam
1658 2535 1690 2595 tu

325 2634 454 2715 Latine),
483 2643 512 2696 at
540 2631 599 2716 τόν
625 2630 802 2714 βασιλείαν
828 2640 908 2694 certe
940 2631 1084 2712 scriptum
1112 2632 1256 2712 oportuit3
1289 2634 1337 2707 10,
1359 2633 1400 2693 22
1427 2632 1547 2715 μοταξὺ
1574 2635 1632 2698 τοὺ
1653 2659 1689 2699 τε

324 2738 406 2802 ναοῦ
433 2738 498 2800 τῶν
525 2734 721 2817 Διοσκόρων
748 2733 803 2796 καλ
837 2729 964 2818 Κρόνου
991 2754 1045 2816 pro
1068 2733 1124 2796 καλΙ
1154 2735 1212 2801 τοὺ
1241 2731 1387 2817 Κρόνου;
1419 2737 1510 2811 12,3
1543 2735 1613 2821 τρὶς
1642 2740 1688 2822 τῷ

325 2838 394 2923 ἐμῷ
416 2834 554 2922 ὑνόματι
583 2838 639 2901 καὶ
669 2834 825 2911 πεντάκις
852 2837 917 2900 τῶν
945 2833 1027 2902 υἱῶν
1056 2861 1120 2922 μου
1149 2843 1187 2920 (τι
1210 2844 1376 2922 quinquiens
1403 2841 1532 2922 filiorum
1559 2861 1688 2904 mauman

324 2939 451 3024 nemim)
479 2962 532 3023 pro
565 2944 611 3027 τῷ
638 2941 702 3005 τῶν
730 2932 811 3004 υἱῶν
843 2961 906 3024 μου
941 2942 1005 3004 coll.
1025 2942 1073 3018 12,
1091 2945 1125 3019 73
1155 2944 1228 3006 adde
1260 2946 1339 3023 quod
1365 2945 1504 3026 populum
1526 2944 1688 3009 Romanum

325 3045 503 3126 quinquiens
531 3048 619 3108 vertit
643 3042 701 3108 τόν
723 3042 830 3126 δῆμον
850 3041 917 3105 τῶν
938 3043 1043 3122 (semel
1064 3046 1175 3109 rectius
1197 3067 1255 3110 του
1278 3043 1384 3130 δήμου
1406 3045 1465 3111 τοὺ
1486 3067 1566 3110 mon.
1582 3049 1689 3130 Apoll.)

322 3130 506 3231 Ῥωμαίων,
530 3149 643 3211 octiens
665 3167 733 3210 vero
756 3145 863 3230 δῆμον
883 3142 1061 3229 Ῥωμαίων.
1106 3150 1193 3212 Deest
1215 3150 1356 3213 articulus
1378 3151 1527 3214 interdum
1549 3151 1689 3214 substan·

325 3250 393 3313 tivis
415 3250 524 3330 quibus
547 3244 641 3325 οὗτος
662 3253 709 3314 vel
730 3248 851 3324 ἐκεῖνος
880 3250 1056 3332 pronomina
1078 3252 1174 3315 addita
1197 3263 1281 3327 suut,
1314 3253 1400 3327 8,17
1424 3246 1519 3327 οὗτος
1541 3249 1689 3338 ἀριθμὸς

326 3352 452 3418 πλείων
474 3390 516 3402 -
537 3350 699 3439 ὑπῆρχεν,
724 3355 830 3429 16,17
849 3352 914 3437 πρὸ
930 3351 1049 3418 τούτου
1062 3352 1192 3438 χρόνου,
1215 3356 1264 3430 12,
1283 3357 1322 3418 14
1337 3357 1405 3439 μετ’
1421 3354 1548 3421 ἐκεῖνον
1562 3355 1687 3442 χρόνον.

325 3457 453 3520 Interest
480 3457 589 3538 aliquid
617 3459 695 3520 inter
721 3453 838 3532 στόλος
866 3455 944 3540 ὑμὺς
971 3466 1002 3519 et
1024 3454 1041 3520 ό
1066 3457 1145 3541 ἐμός
1167 3455 1292 3534 στόλος,
1315 3468 1346 3523 et
1367 3469 1445 3522 recte
1469 3457 1584 3536 στόλος
1610 3460 1688 3544 ἐμὰς

326 3561 468 3643 scripturn
492 3571 538 3625 eet
563 3564 688 3638 14,10;
711 3582 745 3624 eo
768 3561 869 3624 salsius
891 3567 989 3622 autem
1016 3562 1125 3635 1,1.2
1149 3559 1209 3651 ἐμῇ
1231 3559 1342 3645 γνῶμῃ
1366 3562 1423 3625 καὶ
1446 3561 1540 3646 ἐμοῖς
1562 3560 1689 3629 ἀναλῶ-

325 3681 431 3747 μασιν
451 3671 566 3744 (contra
588 3675 667 3729 recte
691 3666 777 3739 9,16
800 3665 839 3752 τῇ
861 3662 922 3753 ἐμῇ
946 3658 1071 3749 γνάμῃ)
1093 3675 1123 3728 et
1138 3665 1167 3740 8,
1184 3667 1224 3728 19
1245 3663 1280 3729 ἐν
1296 3661 1440 3744 ὑπατείᾳ
1454 3657 1589 3755 τετάρτῃ
1612 3665 1686 3754 ἐμῇ,

325 3779 414 3850 atque
440 3769 561 3831 omniuo
589 3771 670 3831 nullo
699 3767 870 3830 discrimine
897 3773 973 3833 lacto
1003 3765 1035 3831 oi
1063 3763 1131 3831 vici
1158 3787 1240 3851 μου,
1271 3765 1303 3832 οἳ
1325 3763 1399 3850 ἐμοὶ
1424 3764 1509 3845 uici,
1537 3765 1688 3854 ὑπατήρ

326 3894 391 3954 μου
414 3865 483 3936 etti
509 3871 617 3956 πατὴρ
640 3869 658 3935 ό
681 3868 759 3948 ἐμός
783 3891 864 3935 mero
887 3873 1017 3937 variandi
1039 3871 1138 3936 studio
1160 3871 1256 3954 posita
1279 3872 1422 3936 ridemus.

424 3972 690 4058 ‘Praepositionum
714 3995 803 4038 usum
830 3995 890 4039 non
919 3996 1037 4059 semper
1065 3986 1143 4038 recte
1172 3977 1337 4040 observavit
1369 3977 1530 4059 interpres3
1557 3997 1625 4040 narn
1654 3987 1689 4040 ut

326 4079 478 4144 mittamus
493 4081 574 4162 quod
589 4098 689 4143 errore
704 4082 828 4141 fortasse
843 4079 976 4160 lapidarii
990 4089 1093 4143 natum
1110 4098 1198 4161 supra
1214 4080 1424 4160 exagitarimus
1448 4084 1475 4156 1,
1494 4081 1532 4144 18
1552 4079 1688 4164 ἐνίκησα

325 4185 507 4269 παρατάξει
535 4205 590 4267 pro
612 4178 647 4248 ἓν
670 4180 853 4266 παρατάξει
876 4183 932 4257 vel,
956 4193 990 4246 ut
1004 4183 1162 4266 Dionysius
1184 4184 1287 4247 scribit
1309 4186 1348 4266 (ll
1372 4186 1412 4247 50
1434 4186 1495 4260 all,
1518 4183 1553 4247 ἐκ
1576 4206 1688 4264 παρα-

325 4286 460 4363 τάξιας,
489 4290 595 4351 falsum
623 4296 668 4350 est
692 4287 772 4367 quod
793 4285 901 4367 legitur
923 4286 1010 4362 2,16
1035 4282 1057 4350 ἃ
1079 4283 1177 4360 αὑτός
1198 4284 1219 4370 ἢ
1242 4286 1302 4350 διὰ
1322 4285 1398 4361 τοὺς
1421 4283 1688 4370 ὑποστρατήγους

326 4390 424 4474 ἐμοὺς
446 4390 674 4475 acceptiorque,-
697 4409 766 4452 nam
789 4391 940 4470 genetivus
962 4391 1126 4454 necessario
1149 4391 1318 4471 requiritur,
1341 4410 1400 4471 quo
1421 4410 1490 4452 casu
1513 4401 1592 4454 recte
1615 4409 1687 4453 usus

324 4496 372 4557 ille
395 4504 441 4557 est
463 4495 492 4568 3,
508 4495 549 4558 20
572 4493 616 4557 δι’
641 4494 722 4578 ἐμοῦ
744 4502 774 4556 et
796 4495 861 4567 5,9
884 4492 943 4557 διά
964 4494 1028 4556 τῶν
1051 4489 1196 4556 ὑπάτων.
1233 4493 1333 4574 Neque
1349 4493 1441 4574 magis
1456 4494 1575 4576 probari
1589 4504 1688 4575 potest

326 4600 404 4680 quod
431 4598 523 4662 cuivis
556 4599 690 4679 genetivo
718 4597 855 4678 partitivo
882 4617 918 4659 ex
946 4597 1147 4660 Romanorum
1176 4615 1259 4658 more
1291 4596 1537 4678 praepositionem
1561 4589 1596 4668 ἐξ
1620 4597 1686 4658 addi

325 4723 413 4785 posse
445 4702 636 4777 existimavit;
673 4720 742 4764 nam
782 4701 894 4764 diversa
928 4709 1000 4763 suut
1030 4720 1106 4780 quae
1139 4702 1247 4762 Graece
1276 4699 1333 4761 dici
1363 4701 1459 4762 solent
1486 4697 1521 4762 ἐκ
1552 4696 1688 4762 πάντων

326 4804 471 4888 μάλιστα
497 4815 526 4868 et
553 4803 588 4867 in
612 4800 742 4868 πόλεων
765 4807 902 4887 πίσυρες
928 4805 965 4866 ab
987 4804 1043 4866 illis
1064 4824 1139 4885 quae
1161 4804 1306 4885 interpres
1329 4803 1384 4865 sibi
1406 4803 1541 4884 permisit
1563 4801 1628 4876 2,2
1651 4800 1688 4875 ἐξ
