3798 5584
346 447 419 552 106·
939 441 973 510 v,
995 443 1097 498 10-13
1208 457 1212 466 ·

343 623 423 696 Quae
445 623 475 683 in
498 623 624 685 editione
650 622 747 704 priore
775 641 984 703 proposueram
1014 623 1132 685 adiutus
1153 643 1170 684 a
1193 623 1369 695 Rormauno,
1398 622 1445 682 cui
1476 622 1603 702 optimae
1632 632 1696 682 tum

343 728 403 807 spei
431 727 536 800 iuveni,
564 727 622 788 iam
652 727 767 807 egregio
793 746 915 807 operum
945 736 974 789 et
1002 727 1134 790 laborum
1165 726 1244 788 socio
1271 726 1388 787 Meroen
1420 724 1570 798 debebam,
1597 727 1699 788 omnia

342 835 402 893 fere
424 841 454 892 et
469 831 569 892 Latina
592 831 678 893 lectio
700 832 814 911 expleta
835 831 1018 893 confirmavit
1039 842 1069 893 et
1085 833 1191 894 Graeca
1208 831 1311 892 versio.
1345 829 1377 890 V.
1394 829 1434 890 20
1449 838 1518 910 post
1531 830 1698 900 eudaemon,

342 934 392 996 ubi
415 935 472 996 iam
495 944 615 1015 apparet
636 955 700 996 esse
722 935 847 996 fuissene
869 938 1066 1015 mumr‘moeque
1087 935 1217 1007 bostium,
1239 953 1291 1014 ego
1313 952 1522 1014 proposueram
1537 935 1699 1014 plurimae-

342 1058 393 1120 que
414 1039 559 1100 bominum
581 1057 641 1099 non
664 1038 785 1099 omnino
807 1045 894 1110 recte,
921 1038 971 1099 sed
995 1038 1094 1099 minus
1117 1038 1191 1099 male
1214 1057 1301 1117 quam
1325 1038 1404 1118 quod
1432 1048 1533 1117 postea
1555 1036 1698 1116 llerglxius

342 1142 452 1222 recepit
470 1143 572 1222 procul
594 1143 628 1204 ab
652 1143 772 1222 Aeqppto
793 1145 885 1203 01000.
909 1177 949 1186 -
973 1141 1034 1202 Lat.
1051 1141 1089 1202 21
1115 1141 1262 1224 complure
1284 1140 1406 1203 debetur
1429 1141 1606 1202 Bormanno.

441 1245 577 1307 Dicemus
606 1245 734 1325 primum
758 1246 794 1306 de
817 1243 1000 1324 expeditione
1021 1244 1150 1316 Arabica,
1173 1245 1209 1305 de
1232 1265 1289 1324 qua
1316 1244 1453 1306 disseruit
1474 1243 1562 1305 llenr.
1584 1244 1700 1323 Kniger

343 1351 408 1423 (der
429 1348 556 1429 Feldzup
579 1350 626 1410 des
647 1348 742 1410 Aelim
766 1346 874 1410 Gallus.
908 1347 1046 1409 Wismari
1070 1348 1151 1410 1862
1173 1368 1202 1428 p.
1219 1347 1282 1426 49).
1326 1347 1366 1409 Ea
1389 1366 1447 1427 quo
1470 1357 1602 1429 tempore
1622 1351 1700 1410 facta

342 1453 390 1525 sit,
413 1451 521 1532 pendet
543 1451 669 1513 maxime
691 1471 708 1513 a
730 1450 804 1512 serie
827 1454 1040 1531 praefectorum
1063 1451 1200 1532 Aegypti,
1227 1451 1278 1530 qui
1301 1469 1353 1530 per
1375 1451 1429 1512 hos
1451 1469 1544 1512 annos
1567 1454 1699 1513 fuerunt.

341 1555 378 1616 m
406 1564 521 1616 constat
547 1555 598 1616 Cn.
622 1555 789 1618 Cornelium
821 1554 934 1616 Gabum
965 1554 1094 1635 primum
1121 1557 1302 1634 praefectum
1330 1554 1439 1616 rexisse
1468 1555 1630 1635 Aegyptum
1659 1555 1699 1616 ab

342 1679 367 1720 a.
390 1678 418 1720 u.
439 1679 464 1720 c.
486 1658 562 1732 724,
594 1658 754 1720 maiestatis
783 1658 962 1739 postulatum
991 1677 1056 1718 esse
1077 1666 1108 1719 et
1130 1675 1235 1719 manus
1257 1657 1314 1719 sibi
1335 1657 1469 1720 intulisse
1491 1677 1516 1719 a.
1533 1657 1608 1730 728;
1637 1677 1699 1738 quo

342 1782 419 1826 0000
445 1762 594 1843 provincia
621 1761 734 1835 abierit,
763 1780 822 1823 non
854 1762 979 1824 traditur
1005 1780 1100 1841 neque
1129 1760 1285 1841 quicquam
1309 1760 1414 1835 obstat,
1434 1761 1596 1841 quominus
1618 1781 1700 1824 anno

341 1875 420 1929 certe
443 1866 504 1927 727
527 1885 726 1928 successorem
755 1865 907 1946 acceperit.
932 1901 973 1909 -
996 1863 1130 1926 Cornelio
1152 1865 1252 1927 statim
1273 1865 1448 1926 successisse
1470 1863 1501 1927 G.
1522 1865 1699 1927 Petronium

341 1971 408 2032 cum
431 1969 563 2051 plerique
586 1977 724 2042 statuant,
757 1969 828 2030 mibi
851 1969 935 2030 aliter
963 1968 1086 2030 videtur.
1130 1969 1204 2030 Nam
1236 1988 1271 2030 ex
1300 1969 1412 2044 ordine,
1442 1988 1501 2048 quo
1527 1978 1587 2031 tres
1609 1989 1698 2050 prae·

342 2078 434 2136 100100
466 2073 632 2135 Cornelium
667 2072 840 2134 Petronium
873 2072 987 2134 Aelium
1021 2072 1156 2134 nominat
1183 2073 1289 2134 Strabo
1319 2073 1366 2144 17,
1390 2074 1417 2146 1,
1440 2072 1479 2133 53
1502 2093 1530 2153 p.
1547 2073 1618 2147 819,
1642 2093 1699 2136 ne-

342 2195 487 2257 quaquam
521 2176 550 2237 id
582 2176 722 2249 eflicitur;
755 2185 815 2238 tres
848 2176 926 2236 enim
954 2175 1153 2256 expeditiones
1180 2195 1248 2238 cum
1278 2185 1380 2238 auctor
1407 2188 1632 2250 commemoret,
1661 2186 1699 2239 ut

342 2280 523 2342 demonstret
551 2289 609 2342 tam
639 2279 719 2360 ipsos
741 2279 896 2360 Aegyptios
923 2279 1054 2342 imbelles
1081 2299 1146 2342 esse
1180 2299 1267 2359 quam
1290 2281 1412 2354 accolas,
1439 2300 1473 2343 eo
1496 2280 1606 2352 ordine,
1633 2301 1697 2343 000

344 2383 499 2463 temporis,
526 2402 702 2445 enumerans
728 2383 856 2463 primum
886 2384 1044 2446 seditiones
1072 2385 1155 2465 ponit
1182 2384 1212 2445 in
1235 2386 1298 2465 ipsa
1319 2384 1448 2465 Aegypto
1470 2404 1487 2445 a
1510 2384 1643 2446 Cornelio
1666 2393 1699 2446 et

340 2486 479 2548 Petronio
501 2487 624 2560 sedatas,
647 2487 750 2548 deinde
772 2487 845 2548 Aelii
867 2488 896 2548 in
913 2487 1047 2549 Arabiam
1072 2487 1295 2567 expeditionem.
1325 2488 1396 2547 llera
1412 2495 1510 2548 autem
1527 2487 1698 2549 testimonia

341 2610 375 2652 eo
391 2591 503 2652 ducunt
518 2591 650 2652 Cornelio
666 2590 746 2652 Gallo
763 2591 938 2652 successisse
954 2590 985 2651 C.
1001 2590 1113 2652 Aelium
1128 2591 1241 2652 Gallum
1251 2591 1285 2666 ¹),
1301 2607 1369 2651 eum
1385 2590 1415 2650 in
1427 2590 1530 2651 Arabia
1547 2600 1695 2653 moratum

340 2709 405 2756 esse
428 2713 481 2774 per
502 2695 695 2774 posteriorem
717 2703 831 2774 partem
855 2695 923 2755 anni
945 2693 1006 2756 729
1022 2695 1209 2774 prioremque
1231 2714 1256 2754 a.
1274 2692 1346 2766 730,
1369 2701 1477 2754 aestate
1493 2693 1536 2754 vel
1552 2704 1698 2756 autumno

341 2797 404 2859 eius
426 2797 495 2858 anni
518 2798 599 2859 Gallo
621 2797 798 2859 successisse
820 2798 850 2859 C.
867 2798 1048 2860 Petronium.
1093 2797 1250 2859 Videamus
1273 2797 1308 2856 de
1330 2796 1463 2875 singulis.
1507 2796 1560 2858 Dio
1583 2795 1632 2872 53,
1653 2798 1698 2860 29

341 2901 555 2981 expeditionem
577 2901 728 2963 Arabicam
758 2904 848 2962 refert
870 2902 905 2963 ad
927 2922 953 2963 a.
970 2901 1041 2973 730,
1073 2921 1132 2981 quo
1161 2901 1249 2961 finem
1278 2898 1388 2961 habuit.
1432 2900 1553 2962 Duravit
1582 2919 1696 2963 annum

339 3008 399 3066 fere
421 3004 465 3066 vel
487 3005 584 3085 paullo
606 3006 682 3086 plus,
707 3013 740 3068 ut
760 3014 877 3067 enarrat
900 3006 1021 3079 Strabo,
1049 3007 1203 3068 confirmat
1225 3004 1277 3065 Dio
1301 3005 1319 3064 l.
1335 3022 1377 3065 c.:
1407 2997 1442 3066 ἒν
1474 2995 1500 3088 ᾧ
1526 3001 1563 3065 δὲ
1591 3003 1698 3066 ταῦτα

339 3105 501 3185 ἐγίγνετο,
530 3105 586 3170 καὶ
615 3105 696 3191 ἄλλη
724 3132 774 3182 τις
801 3111 956 3191 στρατεία
983 3107 1077 3190 καινὴ
1108 3103 1209 3190 ἀρχήν
1239 3130 1273 3169 τε
1296 3099 1367 3188 ἅμα
1395 3105 1450 3168 καὶ
1477 3105 1568 3180 τέλος
1591 3104 1697 3186 ἔσχεν.

339 3211 413 3291 Apte
443 3212 529 3273 etiam
554 3209 692 3274 Horatius
718 3212 749 3274 10
774 3212 849 3275 libro
879 3213 974 3294 prium
1002 3212 1166 3274 carminum
1193 3211 1271 3272 edito
1293 3231 1319 3273 a.
1336 3210 1397 3272 730
1420 3211 1536 3273 duobus
1557 3211 1628 3272 locis
1649 3211 1697 3291 (1,

340 3314 391 3376 29.
414 3313 468 3386 35)
497 3315 633 3377 meminit
662 3315 853 3396 expeditionis
874 3317 1013 3378 Arabicae
1040 3317 1228 3386 000100100,
1256 3313 1305 3375 sed
1330 3317 1446 3376 futurae
1466 3333 1590 3395 eamque
1611 3335 1698 3376 com·

339 3418 422 3497 ponit
444 3436 511 3478 cum
535 3418 719 3498 expeditione
741 3419 812 3480 item
836 3423 935 3481 futura
957 3418 1133 3491 Britannica,
1156 3418 1240 3479 cuius
1264 3419 1444 3480 mentionem
1468 3419 1552 3480 inicit
1574 3419 1626 3481 llio
1643 3420 1697 3494 53,

339 3520 380 3580 22
403 3521 437 3582 ad
461 3521 607 3608 072718.
646 3523 788 3603 losepbus
811 3523 936 3603 denique
959 3524 1033 3604 (ant.
1048 3522 1112 3584 lud.
1131 3523 1179 3594 15,
1196 3521 1224 3594 a,
1243 3523 1270 3581 1.
1286 3521 1315 3581 2.
1332 3521 1364 3597 3)
1387 3521 1429 3583 010
1445 3521 1554 3594 scribit,
1570 3522 1698 3586 llerodis

339 3643 417 3685 anno
445 3624 527 3704 regni
550 3624 640 3706 ¹tertio
671 3625 784 3688 decimo
808 3628 839 3704 (4
855 3628 924 3708 Apr.
941 3625 1002 3688 729
1019 3661 1059 3670 -
1075 3626 1093 3687 3
1111 3626 1180 3705 Apr.
1198 3625 1271 3699 730)
1294 3627 1401 3686 famem
1425 3625 1515 3688 fuisse
1536 3625 1567 3686 in
1589 3625 1697 3688 iudaea

339 3747 462 3808 eamque
484 3729 683 3791 continuatam
712 3749 776 3792 esse
799 3749 877 3791 anno
894 3729 1060 3809 insequenti
1082 3728 1274 3809 (41100731)
1297 3764 1338 3772 -
1361 3728 1464 3809 3Apr.
1477 3728 1569 3804 731),
1595 3747 1697 3808 regem

338 3841 436 3893 autem
464 3832 491 3892 ei
520 3831 690 3894 subvenisse
717 3837 865 3895 frumento
895 3843 994 3914 empto
1022 3833 1058 3894 ab
1088 3831 1181 3894 amico
1210 3852 1264 3918 sup
1291 3834 1323 3893 C.
1344 3832 1481 3894 Petronio
1507 3851 1602 3912 nuper
1629 3841 1696 3894 tum

338 3937 414 3995 facto
437 3938 582 4015 praefecto
605 3937 727 4017 Aegypti
750 3935 891 4014 (ἔπεμπε
914 3934 945 3998 d’
968 3933 1020 3997 ἐπ’
1048 3931 1225 4012 Αἰγύπτου
1247 3933 1288 3997 τὰ
1309 3931 1475 4019 χρήματα,
1505 3937 1699 4017 Πετρωνίου

338 4035 396 4117 τὴν
429 4031 594 4118 ἐπαρχίαν
623 4035 691 4102 ἀπὸ
725 4042 891 4127 Καίσαρος
918 4036 1121 4122 01100000ςο
1152 4038 1228 4100 circa
1256 4059 1289 4100 ea
1316 4050 1415 4102 autem
1445 4049 1576 4119 tempora
1601 4038 1696 4122 (aspi

338 4139 396 4201 τὸν
417 4136 536 4221 χρόνον
558 4139 697 4223 ἐκεῖνον)
720 4144 825 4206 auxilia
847 4142 883 4204 ab
906 4143 1020 4205 llerode
1043 4143 1132 4204 missa
1155 4162 1219 4204 esse
1241 4141 1277 4204 ad
1297 4143 1411 4205 Aelium
1435 4142 1548 4204 Gallum
1573 4153 1699 4224 propter

339 4243 552 4322 expeditionem
576 4244 737 4307 Arabicam.
781 4245 915 4308 Narratio
938 4247 1009 4308 haec
1031 4245 1167 4327 bipertita
1188 4264 1256 4307 cum
1272 4245 1467 4328 prioreparte
1483 4247 1699 4326 complectatur

339 4365 385 4406 res
408 4345 528 4420 biennii,
552 4357 665 4411 tantum
690 4349 781 4424 abest,
804 4358 837 4412 ut
851 4349 982 4412 Petronii
1005 4353 1217 4430 praefecturam
1241 4349 1276 4410 ad
1298 4349 1637 4420 0729173000100101,
1664 4362 1701 4414 ut

338 4448 423 4529 longe
445 4449 551 4512 melius
573 4452 726 4514 conveniat
748 4452 838 4513 hiemi
860 4453 1010 4532 sequenti;
1033 4471 1101 4513 nam
1125 4455 1307 4513 frumentum
1332 4473 1367 4514 ex
1389 4453 1518 4533 Aegypto
1541 4452 1575 4512 ad
1600 4451 1699 4514 liero-

339 4551 404 4613 dem
429 4554 553 4615 missum
577 4575 640 4617 esse
663 4566 729 4636 post
755 4556 876 4617 alteram
904 4559 1024 4619 demum
1048 4574 1175 4618 messem
1198 4555 1361 4630 infelicem,
1391 4556 1420 4616 id
1443 4565 1489 4616 est
1510 4565 1577 4636 post
1598 4566 1700 4618 aesta-

438 4793 459 4858 ι)
477 4791 514 4844 Cf.
534 4794 627 4845 titulus
646 4795 749 4846 Atticus
768 4797 794 4847 C.
809 4796 825 4846 l.
840 4798 869 4846 A.
883 4795 922 4859 lll,
941 4797 1004 4847 bii:
1023 4793 1141 4862 ὁδῆμος
1160 4787 1245 4846 Γάιον
1258 4795 1358 4845 Αἴλιον
1372 4788 1476 4846 Γάλλον
1495 4791 1588 4863 docaria
1607 4791 1701 4848 ἕνεκα.

339 4879 498 4948 Πραξιτέλης
514 4879 637 4944 ἐποίησε.
