3798 5584
655 485 660 494 .
770 436 823 502 III,
842 439 948 494 40-43
1490 445 1530 506 77

185 633 271 694 quem
295 623 409 677 constat
430 623 497 676 ante
520 634 534 676 s
557 614 646 677 lauisse
668 623 719 678 aut
740 613 760 678 l
781 626 831 679 aut
852 613 872 680 ε’
892 629 944 682 aut
965 616 988 682 ό
1008 627 1059 681 aut
1079 613 1108 692 v'‚
1131 627 1161 681 et
1174 628 1318 698 punctum
1333 628 1400 699 post
1422 639 1455 690 s,
1489 620 1533 682 Ex

185 717 395 798 supplementis
417 717 446 779 id
469 718 547 798 quod
569 729 614 780 est
635 737 672 781 ec
694 739 763 800 agro
785 719 876 784 debeo
891 723 1073 798 Bormann03
1095 723 1219 786 tributus
1233 722 1407 785 vocabulum
1427 741 1532 804 genere

185 822 346 883 masculino
362 831 536 902 usurpatum
553 821 656 884 Plauto
678 831 708 883 et
723 821 825 885 Catoni
847 833 876 886 et
897 825 1008 904 legibus
1030 826 1133 888 aetatis
1149 826 1332 888 Gracchanae
1350 835 1381 888 et
1401 827 1532 900 omnino,

184 932 218 986 ut
238 925 280 987 ait
295 925 406 988 Gellius
427 925 490 1006 (13,
513 925 644 1004 21,19)‚
673 926 818 1005 plerisque
840 935 982 1006 veterum,
1005 929 1109 992 admisi
1131 929 1304 991 necessitate
1327 939 1454 992 coactus.
1498 930 1531 991 ln

183 1047 300 1090 summa
322 1049 354 1091 re
376 1049 450 1109 quae
477 1029 564 1110 posui
592 1047 652 1090 non
682 1049 741 1090 uno
767 1030 887 1092 nomine
916 1030 1084 1112 displicent;
1114 1033 1165 1094 sed
1193 1032 1312 1095 meliora
1339 1051 1399 1095 non
1426 1034 1532 1107 inveni,

183 1141 337 1212 potestque
360 1134 438 1212 quod
460 1133 500 1195 ita
516 1133 650 1214 princeps
666 1132 706 1194 ait
721 1152 755 1194 eo
769 1123 986 1213 quodammodo
1001 1134 1124 1208 delendi,
1147 1135 1225 1214 quod
1241 1135 1355 1198 ridetur
1370 1135 1532 1216 significare

183 1235 310 1296 voluisse
336 1254 396 1296 non
424 1243 482 1297 um
509 1236 678 1298 universum
707 1237 849 1300 tributum
878 1257 930 1318 pro
953 1239 1083 1301 debitore
1106 1237 1227 1300 solvisse
1250 1259 1281 1300 se
1302 1257 1391 1319 quana
1414 1239 1533 1319 supple·

183 1347 317 1400 mentum
340 1338 519 1418 praestitisse
541 1349 592 1402 aut
614 1342 761 1403 frumento
784 1340 883 1414 inlato,
907 1351 957 1404 aut
979 1362 1034 1423 ope
1048 1343 1104 1406 lata
1119 1342 1155 1404 ad
1170 1341 1371 1405 nummarium
1387 1342 1531 1405 tributum

182 1451 264 1522 parte
285 1442 348 1503 eius
371 1441 502 1504 remissa.

283 1545 462 1619 Liberalitas,
486 1545 570 1608 euius
592 1545 641 1607 bic
663 1544 774 1607 mentio
797 1547 839 1619 lit,
862 1545 974 1608 diversa
997 1548 1117 1610 omnino
1133 1557 1193 1611 tam
1215 1568 1232 1610 a
1254 1549 1426 1612 remissione
1441 1548 1533 1610 vecti-

183 1649 290 1729 galium
318 1657 386 1728 post
413 1648 564 1711 victoriam
595 1649 721 1712 Siculam
746 1648 811 1730 (llio
828 1650 878 1724 49,
896 1651 947 1720 15)
970 1659 1000 1712 et
1021 1651 1166 1714 Actiacam
1189 1651 1255 1728 (Dio
1279 1651 1329 1726 53,
1346 1651 1378 1734 2)
1400 1655 1474 1715 lacta
1497 1669 1531 1713 ex

182 1751 355 1814 auctoritate
388 1752 506 1832 quidem
539 1752 689 1833 principis,
723 1752 774 1814 sed
807 1752 976 1816 liberalitate
1009 1755 1108 1836 populi
1136 1755 1270 1831 Romani,
1303 1774 1391 1836 quam
1413 1774 1429 1817 a
1453 1774 1531 1817 mera

182 1856 341 1918 donatione
373 1855 404 1916 in
437 1854 581 1918 aerarium
614 1855 692 1917 illata
714 1855 753 1933 (a.
770 1855 799 1928 3,
816 1855 856 1916 34
884 1856 983 1935 ibique
1016 1859 1164 1938 adnotata)
1187 1867 1266 1922 recte
1298 1862 1424 1922 retertur
1455 1859 1533 1920 inter

181 1961 330 2042 impensas
351 1959 382 2020 in
404 1977 467 2020 rem
490 1958 634 2039 publicam
654 1959 854 2039 populumque
869 1959 1035 2024 Romanum
1056 1964 1160 2038 laems3
1187 1981 1256 2025 nam
1279 1962 1382 2026 solutis
1405 1962 1532 2038 tributis,

182 2083 257 2145 quae
284 2083 301 2124 a
329 2061 509 2124 debitoribus
536 2061 612 2141 exigi
638 2081 697 2124 non
726 2061 884 2143 potuerint,
913 2081 973 2126 non
1000 2065 1120 2146 privatis
1142 2067 1225 2142 solis,
1255 2067 1399 2130 seditem
1421 2067 1532 2130 aerario

181 2166 369 2247 prospicitur.
421 2164 529 2227 Verum
562 2173 608 2226 est
638 2165 713 2227 mire
746 2184 810 2227 eam
842 2166 1044 2230 liberalitatem
1077 2170 1197 2233 indicari
1227 2189 1322 2252 neque
1349 2169 1433 2233 annis
1461 2171 1532 2233 satis

181 2269 382 2331 determinatis
403 2286 498 2348 neque
521 2286 636 2330 summa
657 2269 797 2350 pecuniae
825 2270 984 2346 enuntiata,
1013 2274 1063 2334 sed
1090 2292 1215 2336 numero
1239 2283 1354 2337 tantum
1376 2274 1530 2338 hominum

179 2373 276 2453 posito
309 2371 416 2452 quibus
447 2372 487 2432 ita
510 2371 686 2434 subventum
710 2381 769 2448 est;
796 2382 827 2435 at
848 2375 934 2436 verba
957 2373 1163 2439 Graecacerta
1186 2385 1216 2439 et
1236 2379 1389 2459 perspicua
1411 2378 1447 2440 de
1468 2378 1532 2459 ipsa

179 2495 212 2538 re
238 2476 452 2539 dubitationem
475 2495 535 2536 non
557 2475 728 2538 admittunt.
774 2477 928 2557 Spectabat
949 2488 1048 2542 autem
1070 2480 1225 2543 liberalitas
1252 2481 1323 2543 baec
1347 2481 1385 2543 ad
1410 2481 1532 2562 provin-

179 2581 239 2642 cias
269 2599 361 2658 eaque
389 2581 513 2640 fortasse
535 2597 621 2640 causa
643 2578 707 2653 luit,
730 2588 850 2660 propter
874 2600 962 2661 quana
988 2583 1106 2646 annales
1132 2603 1195 2645 eam
1222 2586 1282 2646 lere
1307 2584 1530 2665 praeterierunt.

179 2685 264 2746 Certe
290 2684 367 2764 apud
393 2683 551 2763 scriptores
578 2702 652 2762 quos
675 2683 817 2745 habemus
845 2685 936 2746 semel
964 2693 1079 2748 tanturn
1102 2696 1283 2750 memoratur
1304 2688 1382 2768 apud
1407 2687 1530 2750 Dionem

179 2789 231 2862 54,
253 2786 293 2848 30
321 2786 356 2848 ad
383 2806 408 2848 a.
430 2785 506 2848 742:
540 2779 660 2869 ἐπειδή
688 2808 723 2848 τε
750 2783 771 2869 ἠ
794 2782 891 2849 Ἀσία
921 2785 959 2850 τὸ
993 2785 1092 2863 ἔθνος
1125 2788 1318 2876 ἐπικουρίας
1349 2787 1440 2864 τινος
1473 2787 1532 2852 διὰ

180 2889 338 2974 σεισμοὺς
359 2886 505 2974 μάλιστα
526 2887 646 2966 ἐδεῖτο,
674 2887 732 2954 τόν
757 2913 792 2952 τε
819 2881 925 2973 φόρον
946 2883 1044 2976 αὐτῆς
1065 2891 1123 2956 τὸν
1144 2890 1249 2956 ἔτειον
1270 2891 1305 2955 ἐκ
1327 2893 1392 2956 τῶν
1413 2889 1532 2956 ἑαυτοῦ

179 2991 355 3077 χρημάτων
384 2995 430 3077 agi
452 2993 551 3078 κοινῷ
574 2989 734 3076 deivarae.
777 2993 862 3066 Quod
885 2993 997 3056 sivero
1020 2995 1087 3057 Asia
1109 2996 1257 3077 provincia
1279 3015 1411 3058 annuum
1435 2997 1530 3059 tribu-

180 3107 244 3160 tum
267 3097 412 3179 pendebat
433 3096 609 3158 talentorum
632 3105 772 3176 quattuor
793 3097 916 3172 milium,
938 3118 995 3179 qua
1010 3098 1045 3160 de
1060 3119 1092 3161 re
1106 3099 1170 3161 iure
1185 3099 1336 3162 dubitatur
1351 3099 1531 3180 (llarquardt

179 3199 450 3280 Stuctsceruoitunp
462 3199 491 3272 2,
507 3199 592 3274 288),
608 3218 662 3280 pro
678 3219 711 3262 ea
722 3219 757 3261 eo
769 3218 845 3263 anno
856 3201 992 3282 princeps
1003 3202 1141 3282 dependit
1152 3202 1319 3265 sestertium
1333 3203 1529 3277 96‚000,000.

179 3303 239 3366 Cur
261 3302 390 3382 coeperit
411 3321 487 3364 anno
511 3301 582 3376 736,
604 3320 665 3364 non
686 3303 839 3384 perspicio.
884 3305 1018 3368 Fortasse
1039 3314 1160 3388 propter
1181 3325 1283 3369 causas
1305 3306 1390 3369 nobis
1416 3305 1530 3386 ignotas

180 3426 214 3468 eo
244 3425 322 3468 anno
350 3405 479 3486 primum
507 3404 621 3468 reditus
646 3406 755 3486 publici
784 3408 824 3471 ita
851 3406 1033 3482 deiecerunt,
1062 3419 1095 3471 ut
1120 3409 1264 3472 aerarium
1293 3418 1374 3471 extra
1397 3408 1529 3472 ordinem

179 3511 377 3574 adiuuandum
393 3519 479 3572 esset.
513 3510 571 3572 Sed
587 3519 735 3591 praeterea
750 3529 814 3572 eam
830 3509 1034 3573 liberalitatem
1048 3511 1235 3575 coniunctam
1251 3513 1342 3575 luisse
1356 3512 1529 3574 crediderim

179 3634 248 3678 cum
271 3633 341 3676 cura
363 3632 495 3676 annonae
517 3632 543 3674 a.
560 3611 621 3674 732
643 3631 659 3674 a
681 3612 813 3693 principe
834 3624 985 3695 suscepta3
1012 3633 1045 3676 ea
1071 3614 1150 3678 enim
1173 3635 1243 3679 cura
1264 3635 1332 3679 cum
1355 3615 1419 3678 sine
1441 3616 1529 3678 dubio

178 3720 277 3800 aliquo
299 3718 388 3780 modo
409 3737 426 3781 a
447 3716 590 3780 reditibus
612 3717 715 3780 aerarii
736 3717 886 3796 penderet,
908 3717 967 3780 iam
989 3718 1026 3780 iis
1048 3718 1250 3784 deficientibus
1265 3719 1402 3802 princeps
1417 3718 1530 3782 facilius

178 3841 269 3904 quam
291 3830 376 3884 antea
398 3821 509 3884 moveri
535 3820 637 3884 debuit
663 3820 699 3882 ad
726 3820 964 3903 supplementum
994 3823 1212 3901 praestandum.
1262 3822 1384 3884 Tributa
1411 3841 1530 3903 posses·

178 3926 296 3990 sonibus
318 3925 379 4005 agri
400 3924 585 4006 provincialis
607 3924 744 4005 imposita
765 3924 820 3987 alia
841 3927 990 3988 frumento
1012 3925 1107 3988 soluta
1122 3943 1195 4000 esse,
1217 3925 1272 3988 alia
1286 3925 1410 4006 pecunia
1424 3933 1528 3988 notum

178 4041 239 4104 est;
267 4029 430 4108 comparari
457 4037 584 4110 possunt
609 4028 696 4090 rerba
717 4026 808 4090 Taciti
830 4047 898 4091 ann.
913 4031 943 4103 4,
959 4029 994 4091 6:
1015 4030 1164 4109 [cumcito
1183 4039 1209 4091 ct
1225 4033 1360 4111 pecuniae
1375 4029 1529 4109 cantuales,

179 4145 272 4198 cetero
309 4133 492 4213 publicorum
528 4133 679 4212 fructuum
721 4133 895 4196 aodetctidus
933 4135 1057 4213 agesinem
1094 4130 1293 4196 Romanorum
1337 4131 1530 4213 agitabantur,

177 4235 275 4316 Agric.
293 4236 346 4298 19:
368 4237 510 4316 [remoti
521 4247 548 4298 et
562 4236 734 4298 tributorum
754 4239 930 4298 occationem
949 4236 1117 4317 aequalitate
1135 4253 1289 4298 maneriam
1301 4235 1414 4298 mollire
1430 4243 1460 4298 et
1474 4233 1529 4296 31:

179 4339 255 4402 bonu
275 4341 466 4420 [cnuncegue
486 4342 517 4401 ia
538 4339 687 4411 tribadum,
709 4357 778 4418 ager
795 4348 822 4400 et
842 4327 936 4400 οοοοο
952 4343 984 4400 iu
1001 4339 1180 4418 formentum
1193 4348 1222 4402 ct
1237 4338 1281 4400 Ti.
1296 4337 1362 4400 lulii
1375 4337 1530 4400 Alexandri

177 4442 319 4523 praelecti
340 4441 462 4522 Aegypti
484 4461 509 4503 a.
526 4441 566 4503 68
589 4440 634 4522 (C.
649 4441 671 4502 l.
688 4441 737 4504 Gr.
753 4442 847 4516 4957,
862 4441 931 4520 46);
954 4439 1066 4503 πολλὰ
1086 4441 1207 4516 καινοῖς
1233 4443 1412 4525 κατεκρίθη
1437 4445 1530 4523 [προ-

179 4543 300 4608 σοδικὰ
331 4545 395 4622 ulai
428 4539 532 4622 [diua
562 4541 742 4625 aetiopiam
769 4543 880 4606 σιτικὰ
909 4543 965 4605 καὶ
998 4541 1157 4627 ἀργορικοί
1185 4554 1215 4606 et
1248 4544 1395 4625 imprimis
1425 4542 1530 4624 Hygini

179 4646 333 4727 gromatici
359 4647 407 4725 (de
429 4646 490 4709 lim.
507 4657 600 4710 const.
616 4668 644 4728 p.
661 4647 750 4722 205):
778 4652 843 4728 apri
866 4647 1012 4728 vectigales
1043 4649 1150 4724 multus
1181 4648 1283 4711 luberet
1309 4651 1530 4710 constitutiones:

179 4757 211 4814 iu
225 4751 393 4833 quibusdam
404 4755 559 4831 οοοοίοοὶὶο
571 4753 687 4832 [metus
698 4762 813 4832 partem
823 4761 971 4832 praestant
985 4761 1100 4823 certam,
1120 4751 1173 4813 olii
1184 4754 1306 4832 quintus,
1319 4751 1378 4833 ⁴clii
1389 4752 1530 4830 septimos,

180 4855 233 4918 clii
248 4859 410 4936 pecuniam,
433 4866 459 4917 et
474 4855 542 4932 (ius.
559 4857 609 4935 od)
623 4855 673 4916 loc
694 4874 746 4936 per
766 4857 821 4918 soli
839 4858 1059 4918 aestimationem
1080 4865 1158 4917 certa
1177 4857 1271 4934 pretia
1289 4857 1365 4934 agris
1380 4857 1530 4916 contituta
