3812 5580
339 439 401 504 122
585 439 590 446 “
931 433 965 504 V,
984 435 1090 492 36-38

335 617 365 678 in
387 615 553 697 provinciis.
591 615 698 678 Earum
722 614 845 677 oblitum
868 633 933 677 esse
955 615 1121 696 Augustum
1129 615 1152 692 1)
1175 615 1218 677 vel
1242 597 1353 678 scribae
1375 617 1458 698 eulpa
1481 617 1627 698 Illyricum
1651 635 1687 678 ex

335 728 460 800 utroque
489 719 622 801 exemplo
650 719 793 781 excidisse
822 726 852 780 et
882 737 935 800 per
965 739 997 782 se
1024 738 1127 801 parurn
1155 717 1303 800 probabile
1325 727 1371 781 est
1390 729 1421 782 et
1441 720 1510 783 inde
1531 722 1687 792 refutatur,

334 823 412 903 quod
441 843 528 904 supra
558 843 587 904 p.
607 822 648 885 98
671 822 798 884 vidimus
826 822 905 884 inter
926 823 1106 904 prouincias,
1135 841 1209 903 quae
1231 821 1371 885 adversus
1397 822 1558 886 Antonium
1581 842 1607 886 a.
1623 821 1686 886 722

334 926 534 996 coniurarunt,
557 926 691 988 similiter
710 925 856 1006 Illyricum
880 926 1047 989 desiderari.
1084 926 1178 1000 Quam
1201 926 1324 988 obrem
1347 945 1439 989 unum
1463 934 1598 1008 superest
1611 927 1688 987 ellu-

334 1029 413 1110 gium
436 1030 600 1112 Augustum
630 1049 679 1092 eas
708 1029 786 1091 inter
806 1028 919 1091 Italicas
949 1029 1205 1092 connumerarisse
1233 1048 1268 1091 eo
1297 1038 1428 1104 motum,
1457 1029 1536 1112 quod
1557 1028 1688 1092 coloniae

333 1133 388 1196 bae
408 1153 468 1215 quo
491 1145 623 1214 tempore
645 1133 787 1195 deductae
809 1141 881 1194 sunt
902 1133 999 1195 ltaliae
1022 1133 1129 1196 linibus
1151 1132 1482 1213 comprehendebantur,
1498 1151 1687 1214 quamquam,

332 1255 401 1300 oum
425 1237 554 1318 scripsit,
581 1235 688 1317 lllyrici
709 1238 801 1298 factae
823 1245 920 1310 erant,
944 1238 1027 1300 cuius
1049 1237 1147 1318 ipsum
1171 1254 1280 1299 nomen
1302 1236 1451 1318 Augustus
1472 1237 1571 1319 posuit
1592 1237 1622 1311 5,
1646 1236 1687 1298 46

332 1358 471 1402 enarrans
498 1359 546 1402 res
573 1348 669 1420 gestas
698 1358 723 1400 a.
739 1337 810 1400 742.
854 1338 1060 1402 Difficultatem
1092 1341 1148 1402 hoc
1172 1359 1290 1420 quoquc
1311 1340 1395 1414 facit3
1417 1359 1486 1402 nam
1508 1358 1688 1420 quamquam

333 1462 544 1525 saepenumero
566 1442 646 1505 ltalia
673 1443 713 1504 ita
742 1442 875 1523 ponitur,
904 1452 937 1505 ut
958 1444 1078 1506 Galliam
1101 1443 1270 1524 cisalpinam
1293 1444 1503 1524 complectatur
1523 1443 1587 1506 iure
1609 1461 1688 1516 cum,

333 1565 366 1608 ea
394 1546 526 1609 nondum
555 1546 757 1619 coniunctam,
787 1546 823 1608 ad
845 1547 992 1628 Illyricum
1021 1547 1051 1609 id
1077 1548 1201 1628 proferri
1229 1566 1298 1609 sane
1324 1547 1455 1610 ollendit
1505 1547 1562 1610 Sed
1590 1554 1690 1628 potest

332 1650 482 1730 Augustus
508 1649 538 1711 id
564 1650 699 1712 consulto
728 1649 846 1722 lecisse;
873 1669 941 1712 nam
970 1650 995 1712 si
1018 1649 1159 1712 militibus
1181 1667 1266 1729 agros
1288 1649 1319 1710 in
1341 1649 1422 1712 ltalia
1444 1650 1589 1731 pollicitus
1611 1647 1690 1731 parti

332 1772 434 1816 eorum
456 1753 487 1815 in
508 1752 623 1834 Illyrico
646 1753 795 1827 satisfecit,
818 1753 848 1816 id
870 1755 949 1834 quod
971 1753 1075 1815 fecisse
1097 1772 1165 1815 eum
1188 1753 1348 1816 admodum
1370 1753 1528 1817 verisimile
1550 1763 1604 1826 est,
1626 1770 1688 1814 nou

332 1856 394 1919 sine
416 1856 521 1919 idonea
543 1875 630 1919 causa
645 1855 793 1938 Illyricum
816 1876 912 1938 neque
933 1856 965 1919 in
987 1857 1143 1938 provinciis
1165 1857 1349 1920 enumerarit
1370 1877 1466 1938 neque
1487 1857 1543 1920 hoc
1565 1855 1627 1918 loco
1650 1855 1688 1916 ad

332 1960 444 2024 ltaliam
467 1961 608 2024 adiunxit.

430 2064 591 2128 llillicultas
613 2064 703 2127 altera
724 2082 816 2145 eaque
839 2063 933 2125 multo
958 2063 1045 2126 latius
1067 2071 1170 2143 patens
1192 2063 1319 2143 pertinet
1340 2065 1376 2126 ad
1398 2063 1526 2126 colonias
1548 2062 1689 2125 deductas

331 2186 348 2230 a
378 2167 540 2230 triumviris
570 2169 611 2230 rei
640 2167 773 2248 publicae
800 2166 1038 2242 constituendae,
1068 2175 1214 2247 quatenus
1237 2167 1348 2230 scilicet
1369 2169 1518 2248 Augustus
1539 2185 1589 2230 eas
1610 2166 1691 2228 inter

332 2290 400 2333 suas
422 2270 586 2334 numerarit
607 2271 653 2332 vel
674 2289 734 2333 non
757 2270 930 2332 numerarit.
966 2269 1040 2332 Nam
1063 2268 1194 2332 coloniae
1215 2278 1284 2349 post
1304 2271 1414 2333 bellum
1429 2269 1614 2352 Philippense
1636 2269 1690 2331 de-

332 2373 436 2436 ductae
451 2373 620 2453 ignoramus
635 2373 720 2435 cuius
735 2373 872 2455 auspiciis
887 2373 1028 2437 deductae
1043 2373 1162 2446 fuerint,
1186 2379 1287 2434 utrum
1303 2391 1406 2436 omnes
1420 2373 1530 2435 luerint
1544 2372 1689 2435 Antoniae

330 2476 433 2552 Iuliae,
462 2478 492 2538 id
522 2486 568 2539 est
592 2496 610 2539 a
636 2477 674 2538 ll.
690 2476 817 2539 Antonio
845 2488 875 2540 et
897 2478 928 2539 C.
943 2477 1017 2540 lulio
1045 2477 1154 2559 pariter
1181 2477 1358 2538 constitutae
1388 2475 1472 2558 (nam
1495 2475 1597 2558 Lepidi
1623 2475 1690 2537 sine

331 2580 420 2643 dubio
447 2580 528 2643 nuda
554 2580 629 2643 ratio
656 2581 686 2642 in
709 2600 742 2642 ea
764 2599 796 2642 re
818 2581 917 2643 habita
938 2582 1006 2662 est),
1033 2600 1070 2644 an
1092 2581 1163 2644 aliae
1185 2579 1344 2653 Antoniae,
1371 2579 1442 2642 aliae
1463 2579 1562 2641 lullae.
1605 2577 1690 2640 Illam

330 2683 423 2764 legem
446 2684 472 2746 si
494 2684 609 2747 tresviri
631 2684 724 2747 secuti
746 2693 825 2756 sunt,
849 2685 961 2748 devicto
976 2685 1104 2748 Antonio
1126 2694 1156 2746 et
1177 2682 1320 2746 memoria
1342 2683 1404 2745 eius
1427 2682 1561 2744 damnata
1580 2681 1689 2762 proba-

330 2787 388 2849 bile
409 2797 455 2850 est
477 2807 580 2850 omnes
602 2797 633 2851 et
657 2787 744 2850 lulias
771 2806 851 2851 mere
873 2792 964 2853 lactas
986 2808 1051 2851 esse
1072 2797 1103 2851 et
1123 2789 1160 2850 ab
1181 2788 1314 2868 Augusto
1336 2786 1415 2850 inter
1436 2806 1505 2850 suas
1527 2784 1689 2848 numerari.

330 2890 458 2954 Alteram
485 2901 584 2954 autem
614 2891 691 2955 riam
721 2891 746 2953 si
774 2901 949 2969 tenuerunt,
976 2903 1044 2975 post
1071 2892 1223 2956 Actiacum
1250 2890 1360 2953 bellum
1388 2891 1518 2953 coloniae
1544 2888 1690 2951 Antoniae

329 2993 482 3057 desierunt
508 2995 626 3076 quidem
653 3011 827 3075 cognomine
854 3015 889 3058 eo
919 2996 976 3070 uti,
1005 2995 1057 3058 sed
1085 3015 1144 3058 non
1166 3002 1321 3076 propterea
1341 2994 1471 3057 Caesaris
1493 2996 1585 3056 laetae
1607 3000 1689 3054 sunt.

329 3096 436 3159 Utrum
459 3117 561 3161 rernm
585 3099 633 3173 sit,
656 3098 808 3162 diiudicari
830 3118 890 3162 non
912 3109 1028 3181 potest;
1050 3099 1121 3162 baec
1143 3097 1288 3161 ordinatio
1303 3117 1338 3159 co
1353 3097 1586 3170 commendatur,
1608 3095 1691 3175 quod

328 3197 379 3278 qui
405 3200 534 3280 priorem
561 3201 696 3283 sequitur
725 3221 884 3266 numerum
913 3202 1093 3266 coloniarum
1122 3220 1190 3264 eum
1213 3219 1302 3282 quem
1324 3200 1460 3282 princeps
1482 3198 1582 3282 posuit
1602 3199 1691 3278 longe

329 3303 518 3367 excedentem
541 3306 587 3367 rix
610 3305 738 3368 evitabit

429 3407 562 3471 Tertium
591 3409 658 3470 addi
688 3418 786 3490 potest
807 3409 887 3489 quod
908 3417 1064 3490 postquam
1087 3407 1249 3471 admissum
1273 3415 1318 3468 est
1339 3415 1442 3469 eonua
1464 3407 1510 3469 ius
1532 3403 1689 3485 antiquum

331 3507 474 3572 coloniam
498 3511 607 3574 iterum
630 3512 735 3575 deduci
756 3531 853 3594 posse,
876 3513 1035 3575 admodum
1059 3512 1175 3574 difficile
1197 3520 1243 3574 est
1263 3511 1338 3572 lines
1353 3529 1453 3591 regere
1467 3510 1545 3572 inter
1559 3507 1692 3571 coloniae

328 3612 547 3693 ampliationem
576 3624 607 3677 et
628 3615 844 3678 deductionem.
889 3617 931 3677 lta
955 3616 1085 3696 Hyginus
1108 3615 1157 3689 (de
1177 3614 1240 3676 lim.
1263 3633 1292 3694 p.
1311 3614 1401 3694 177):
1434 3615 1516 3676 dmm
1536 3613 1689 3692 Augustus,

328 3715 434 3796 inquit,
456 3717 524 3780 illos
546 3737 653 3800 quoquc
675 3720 760 3782 urbes
781 3737 852 3800 quoe
875 3719 1009 3782 deductae
1031 3737 1050 3780 o
1070 3719 1184 3798 regibus
1198 3729 1249 3782 out
1273 3719 1455 3781 diemalibus
1468 3720 1595 3799 sueroot,
1618 3735 1692 3796 quus

331 3819 471 3882 bellorum
499 3821 625 3885 o'or'lium
651 3827 826 3884 intonantes
855 3823 1043 3897 cohaeserat,
1075 3823 1140 3884 doto
1162 3826 1266 3884 iterum
1289 3823 1414 3886 colonica
1435 3828 1548 3885 nomme
1568 3839 1690 3885 numero

328 3927 431 3986 mmm
452 3925 608 4006 ampliavit,
631 3927 768 4008 quosdam
790 3937 816 3988 ct
837 3925 950 4006 finibm,
973 3945 1028 4007 pro
1050 3925 1184 4005 exemplo
1199 3925 1356 3988 nominans
1371 3927 1544 3990 blintumas.
1581 3924 1614 3987 ld
1628 3943 1691 3987 non

327 4028 437 4089 laetum
468 4048 533 4091 esse
559 4037 680 4110 propter
709 4027 826 4110 praedia
855 4028 1079 4109 qualiacumque
1107 4027 1207 4091 relicta
1229 4029 1261 4090 in
1283 4029 1395 4092 colonia
1417 4030 1514 4109 aliqua
1536 4039 1565 4091 et
1586 4027 1691 4111 paucis

327 4132 450 4192 tortasse
466 4131 610 4194 militibus
624 4131 775 4212 adsignata
789 4131 836 4192 vel
849 4131 919 4194 inde
933 4132 1088 4212 colligitur,
1103 4133 1184 4212 quod
1198 4142 1302 4195 auctor
1316 4133 1446 4195 coloniae
1461 4150 1570 4194 nomen
1585 4130 1691 4211 requi-

328 4232 368 4294 rit
389 4234 497 4296 iterum
520 4235 636 4310 datum;
658 4245 737 4298 recte
759 4243 858 4298 autem
883 4235 1017 4298 videmur
1039 4236 1167 4299 colonias
1189 4245 1257 4299 ante
1273 4235 1439 4317 Augustum
1455 4236 1594 4299 deductas
1609 4235 1690 4297 inter

328 4337 504 4400 constitutas
526 4338 563 4399 ab
585 4357 619 4401 eo
635 4347 704 4401 tum
714 4357 880 4413 numerare,
902 4359 970 4401 cum
987 4359 1096 4402 nomen
1111 4339 1217 4402 lulium
1233 4341 1435 4420 Augustumre
1449 4340 1689 4421 adsumpserunt.

429 4440 563 4503 Efficitur
589 4462 625 4504 ex
655 4461 743 4523 supra
771 4442 856 4505 dietis
883 4443 1073 4523 probabiliter
1093 4443 1172 4507 inter
1194 4443 1411 4524 duodetriginta
1433 4444 1562 4506 colonias
1584 4443 1690 4505 reterri

330 4561 405 4622 quae
431 4543 622 4607 inveniuntur
643 4564 752 4608 nomen
775 4547 901 4627 gessisse
922 4556 974 4609 aut
995 4547 1136 4609 luliarum
1159 4558 1210 4610 aut
1231 4548 1441 4628 Augustarum,
1465 4547 1552 4609 modo
1574 4555 1689 4608 eertum

326 4647 368 4707 sit
395 4645 425 4707 id
456 4647 604 4728 proticisci
631 4649 668 4711 ab
697 4650 754 4713 hoc
779 4651 844 4732 ipso
865 4651 1007 4732 principe.
1052 4651 1238 4714 Laterculum
1261 4652 1508 4730 inconsuetum,
1539 4669 1626 4732 quem
1656 4649 1690 4712 in

425 4871 446 4936 ¹)
466 4869 493 4923 ld
510 4871 606 4924 nollens
623 4872 745 4924 munao
763 4885 802 4923 rna
820 4871 847 4923 C.
859 4870 878 4924 l.
892 4871 921 4924 L.
934 4871 966 4924 lll
983 4889 1007 4942 p.
1019 4873 1077 4925 279.
