3796 5588
335 447 429 504 XXVI

335 647 364 689 ee
385 629 433 708 sart
454 629 605 691 de'termini
627 633 645 692 d
665 650 710 693 me
733 630 834 692 lm'eeer
852 629 978 711 prendre
1001 630 1194 709 iinomiption,
1215 629 1237 690 il
1259 630 1412 710 m’oen'pno
1433 629 1474 693 leo
1494 631 1595 693 beares
1618 632 1686 714 pn'a'l

337 743 400 794 erut
422 732 461 794 les
479 733 547 812 plot
564 751 684 814 propree
701 752 779 816 poor
800 735 829 796 ta
851 738 944 814 copier
958 752 1025 795 eone
1045 734 1103 794 e'tre
1125 753 1178 794 on:
1199 751 1272 794 nous
1294 733 1435 795 cuonone
1457 735 1528 795 donc
1544 734 1583 798 lea
1596 739 1685 798 beter-

336 835 425 896 uollee
454 837 573 917 poetes
602 837 688 900 Toros
714 857 750 900 ne
780 842 912 900 oiennent
937 839 1018 917 point
1040 837 1058 896 d
1080 835 1110 897 tu
1128 835 1240 915 pra'e're;
1269 846 1428 898 outrement
1445 835 1476 914 je
1497 836 1628 901 n'onror'e
1645 858 1686 920 pn

336 957 371 1000 en
397 943 481 1000 venir
502 942 520 1001 d
541 959 607 1002 mon
629 941 764 1012 honneur,
795 951 821 1004 et
843 951 918 1002 tonte
939 958 990 1002 eon
1013 940 1134 1001 autorite'
1155 939 1281 1002 n’ooror't
1305 940 1338 1001 de
1360 943 1423 1002 rien
1444 944 1520 1002 omui
1540 953 1635 1004 contre
1657 942 1686 1004 lo

337 1042 465 1103 conoide.
511 1043 545 1104 Je
575 1050 749 1122 cummencoi
772 1044 935 1124 dprendre
958 1052 1026 1103 cette
1049 1041 1119 1104 belle
1140 1046 1305 1122 inscription
1327 1042 1353 1104 le
1370 1047 1495 1123 premier
1515 1043 1686 1124 Septembre,

337 1155 364 1206 ct
387 1144 419 1223 je
446 1145 525 1207 n’ene
552 1146 637 1226 puero
659 1148 771 1210 d'outre
794 1151 956 1228 oocopotr'on
974 1144 1093 1226 juuqo’d
1115 1165 1143 1207 ce
1165 1163 1217 1226 qne
1234 1146 1267 1224 je
1290 1145 1387 1208 immae
1407 1148 1483 1228 finde.
1526 1146 1599 1211 Post
1619 1149 1687 1211 alia:

336 1247 372 1310 le
395 1248 445 1309 21.
466 1247 611 1327 j'ocbeoot'
635 1251 668 1311 de
691 1255 785 1330 copier
807 1250 992 1329 l’tnecriptr'oo
1012 1248 1119 1310 botine.
1165 1249 1211 1309 On
1231 1260 1295 1329 pent
1319 1251 1388 1321 dire,
1410 1270 1478 1313 eone
1499 1253 1632 1315 crotndre
1654 1253 1687 1315 de

335 1370 364 1413 ee
394 1363 534 1432 tromper,
562 1352 660 1433 qn'elle
688 1365 729 1416 ect
757 1355 915 1435 infiniment
939 1353 1008 1433 plus
1029 1363 1126 1413 cuncte
1157 1351 1241 1431 qu’on
1262 1372 1297 1414 ree
1320 1351 1358 1414 l'o
1377 1373 1430 1433 poe
1451 1373 1548 1417 encore
1571 1355 1685 1417 donne'e.

339 1454 419 1516 Certo
445 1460 495 1536 qni
519 1474 547 1517 ae
576 1457 733 1518 donneront
760 1458 791 1518 ta
817 1463 900 1537 peine
930 1457 963 1518 de
993 1457 1022 1516 lo
1044 1455 1176 1536 constrer
1198 1475 1264 1518 ouer
1287 1455 1326 1516 les
1346 1460 1513 1536 a'mprime'ee,
1536 1477 1571 1520 en
1592 1470 1687 1522 serunt

338 1561 472 1622 cosei-tdt
498 1565 678 1621 conooineoe.
722 1560 817 1640 lpsam
847 1559 1068 1639 inscriptionem
1096 1558 1185 1620 edidit
1211 1559 1242 1619 in
1270 1559 1384 1620 itineris
1413 1560 1476 1622 eius
1505 1562 1687 1624 enarratione

337 1665 456 1743 (oopope
485 1661 524 1722 du
546 1661 631 1724 Sieur
653 1663 728 1724 Paul
749 1663 840 1726 Lucae
869 1664 924 1744 soit
946 1663 1018 1724 done
1039 1663 1068 1725 lo
1092 1662 1186 1736 Gre'ce,
1210 1662 1292 1724 tneo
1312 1667 1450 1734 minenre,
1473 1665 1503 1725 lo
1525 1663 1688 1728 bloce'dont'e

338 1775 363 1825 et
387 1763 535 1846 ddsre'que.
580 1765 699 1827 Parisiis
725 1766 815 1827 1712.
839 1765 882 1846 8.)
904 1765 996 1828 roll
1024 1767 1054 1827 in
1084 1765 1179 1827 tabula
1208 1765 1318 1827 adiecta
1345 1766 1380 1827 ad
1403 1786 1431 1847 p.
1448 1766 1519 1830 303.
1563 1769 1688 1848 Collegio

338 1869 548 1949 capucinorum
578 1872 701 1931 iratrum
730 1871 808 1948 quod
832 1871 974 1950 Smyrnae
1003 1878 1048 1930 est
1076 1879 1139 1931 tum
1168 1869 1352 1950 praepositus
1379 1871 1532 1934 lerotheus
1559 1891 1584 1933 a.
1606 1873 1688 1936 1706

338 1973 467 2034 narravit
489 1972 635 2035 Sherardo
662 1971 752 2051 (sicut
778 1977 867 2035 refert
890 1973 1021 2034 Cbisltull
1043 1981 1103 2034 ant.
1126 1972 1216 2034 Asino.
1239 1991 1267 2052 p.
1286 1975 1358 2047 171)
1381 1977 1548 2056 exemplum
1571 1995 1586 2037 a
1610 1995 1689 2037 mer-

338 2087 434 2140 catore
458 2077 538 2138 Gallo
560 2077 587 2136 le
608 2076 699 2137 Favre
721 2077 850 2158 Ancyrae
873 2096 925 2158 per
946 2077 1057 2156 aliquot
1078 2094 1171 2136 annos
1193 2085 1374 2138 commoratu
1396 2077 1487 2139 nitide
1510 2079 1687 2160 descriptum

338 2181 447 2243 Lucam
477 2179 514 2241 ab
546 2179 609 2241 eius
636 2179 722 2242 vidua
750 2182 856 2241 emisse
884 2180 971 2259 idque
998 2199 1051 2260 pro
1078 2199 1133 2240 suo
1155 2179 1366 2255 venditarisse3
1395 2193 1573 2262 quapropter
1594 2182 1688 2244 Lucae

337 2285 502 2365 exemplum
531 2302 590 2346 non
616 2303 682 2345 raro
711 2283 818 2346 dicitur
840 2283 1024 2346 Fabrianum.
1071 2283 1127 2344 Sed
1150 2283 1284 2361 equidem
1311 2284 1402 2364 magis
1424 2286 1511 2347 libem
1533 2286 1688 2348 habuerim

337 2388 449 2462 Lucae,
482 2406 569 2467 quem
604 2387 763 2449 veridicum
800 2387 949 2448 hominem
983 2406 1047 2448 ease
1081 2385 1210 2466 repperi,
1245 2405 1333 2466 quam
1369 2387 1489 2450 incertis
1517 2388 1688 2450 rumoribus

339 2491 562 2572 smyrnensium
600 2491 698 2553 relatis
727 2511 742 2552 a
771 2489 932 2552 Chishullio
960 2489 1063 2570 iniqup
1090 2489 1185 2551 Lucae
1215 2489 1419 2552 obtrectatore.
1447 2525 1489 2534 -—
1517 2491 1689 2572 Exemplum

338 2595 433 2656 Lucae
461 2594 538 2656 inter
565 2594 730 2674 antiquiora
757 2612 849 2655 unum
878 2593 997 2675 plenum
1028 2601 1090 2665 est,
1120 2612 1189 2655 cum
1219 2611 1285 2654 rere
1314 2595 1462 2655 contineat
1490 2613 1541 2656 sex
1569 2596 1689 2676 paginas

338 2697 488 2758 universas
516 2717 533 2758 a
561 2697 654 2778 capite
680 2698 715 2759 ad
738 2698 846 2758 calcem
868 2697 1013 2758 indelessa
1035 2696 1178 2758 industria
1201 2705 1350 2775 exceptae,
1379 2707 1409 2758 ct
1430 2698 1563 2759 omnium
1587 2717 1689 2760 eorum

337 2801 423 2880 longe
445 2801 643 2863 utilissimum.
679 2799 779 2880 Neque
801 2800 920 2881 paginas
943 2800 1086 2880 separarit
1108 2818 1204 2878 neque
1225 2799 1358 2861 distinxit
1380 2800 1483 2881 capita,
1506 2811 1536 2864 at
1550 2821 1689 2864 versuum

338 2904 509 2966 divisionem
541 2923 607 2966 raro
635 2905 760 2984 neglexit
789 2913 819 2964 et
845 2903 923 2982 quod
952 2902 1112 2964 maximum
1136 2911 1194 2976 est,
1223 2902 1302 2964 nullo
1324 2903 1388 2964 loco
1410 2905 1614 2985 supplementa
1636 2905 1690 2967 ob-

339 3009 442 3082 trusit,
477 3009 526 3070 sed
560 3027 634 3087 quus
665 3008 720 3069 sibi
749 3008 829 3070 visus
857 3015 903 3069 est
929 3007 1026 3068 videre
1052 3005 1159 3068 ductus
1186 3024 1236 3067 eos
1266 3007 1342 3068 bona
1369 3007 1425 3068 lide
1453 3009 1688 3088 repraesentavit

338 3112 414 3186 Quid
442 3112 520 3190 quod
550 3111 638 3173 etiam
664 3111 827 3174 litterarum
856 3111 1070 3192 deperditarum
1100 3127 1258 3171 numerum
1285 3111 1403 3190 punctis
1428 3111 1532 3190 positis
1558 3122 1690 3174 accurate

338 3214 510 3296 plerumque
544 3214 690 3277 indicarit.
740 3216 837 3289 Quare
864 3215 914 3277 ubi
944 3213 1055 3294 antiqui
1078 3212 1221 3275 excitandi
1244 3221 1328 3287 sunt,
1358 3215 1542 3276 redeundum
1564 3225 1609 3277 est
1630 3219 1691 3277 lere

338 3317 373 3380 ad
396 3318 515 3380 Lucam.

444 3420 581 3501 Exempla
606 3420 677 3482 haee
698 3419 863 3500 antiquiora
886 3422 966 3494 (nam
990 3427 1058 3500 post
1072 3419 1180 3481 Lucam
1204 3429 1323 3499 excepta
1346 3419 1444 3482 omnia
1467 3422 1502 3482 ad
1519 3423 1689 3484 universum

340 3533 566 3586 monumentum
590 3523 776 3604 perveniunt)
799 3543 872 3605 quas
895 3523 1080 3585 monumenti
1102 3531 1199 3603 partes
1222 3524 1463 3604 complectantur,
1486 3523 1637 3606 apparebit
1656 3545 1691 3588 ex

338 3628 479 3690 laterculo
501 3627 647 3690 subiecto:

663 3831 744 3877 Butbu
762 3832 828 3878 niani
907 3836 910 3938 q
999 3833 1093 3878 Cnoson
1221 3831 1369 3878 Toni-nolunt
1449 3831 1527 3876 Lucos

474 3887 569 3932 Tabula
718 3889 755 3931 tbb
770 3918 776 3930 .
967 3891 1024 3932 ente
1038 3899 1059 3930 a„
1075 3887 1126 3930 1689
1265 3887 1324 3930 1701.
1464 3887 1516 3930 1705

531 3999 541 4050 1
717 3997 782 4048 1-4
907 3941 911 4032 Β
1006 3997 1087 4047 1-tt
1450 3995 1528 4047 1-31

520 4121 540 4172 11
711 4119 793 4172 1-11
1005 4119 1086 4172 1-ta
1210 4116 1260 4167 adi.
1281 4115 1382 4168 21-32
1466 4118 1511 4168 iot.

508 4237 540 4290 lll
722 4237 770 4288 iot,
1024 4238 1071 4289 iot.
1466 4236 1512 4286 int.

507 4349 539 4402 lV
609 4352 700 4403 1-30.
719 4352 760 4402 38.
779 4351 881 4402 tlt-54
932 4349 1024 4403 1—tt.
1060 4350 1161 4402 tlt-54
1464 4350 1513 4400 int.

515 4463 539 4516 V
716 4466 780 4517 1-u
994 4463 1096 4514 tut-tr
1211 4461 1261 4512 edi.
1280 4461 1382 4512 ou-ol
1464 4463 1510 4513 iot.

504 4575 539 4628 Vl
689 4581 710 4630 1.
729 4578 753 4628 9.
774 4578 803 4630 13
1033 4603 1066 4612 -
1182 4585 1185 4670 q
1464 4573 1511 4625 iot.
