3798 5584
783 444 832 512 IV,
853 447 921 501 l-li
1487 451 1526 515 81

175 627 324 689 interdum
348 625 494 687 circenses
517 625 660 705 spectarit
675 625 769 703 (Suet.
785 623 858 704 Aug.
875 626 932 699 45;
955 623 1055 687 Claud.
1071 625 1114 703 4).
1153 624 1281 688 Graecus
1304 625 1448 708 interpres
1460 627 1529 709 pul-

173 734 261 792 vinar
283 730 339 790 hoc
360 728 424 791 loco
446 728 574 790 reddidit
595 725 685 802 ναόν,
707 727 739 788 13
762 727 924 790 3331313313
946 727 1055 790 3311311.

275 832 363 894 Aedes
394 835 425 894 in
455 831 594 913 Capitolio
623 830 698 894 Iovis
722 832 844 911 [eretria
896 829 939 892 ct.
961 831 1067 893 133033
1093 831 1125 893 13
1152 831 1359 912 topographiae
1386 834 1443 894 vol.
1461 834 1487 907 1,
1511 833 1530 893 2

174 954 202 1016 3.
226 936 276 996 47.
314 935 411 1015 Nepos
432 935 492 997 Att.
508 935 563 997 20:
587 935 700 1006 3331011,
724 953 788 996 3331
809 935 887 996 oeta
907 933 981 996 13313
1002 935 1167 1014 [3331311113
1191 935 1331 1016 Capitolio
1352 937 1387 998 ob
1410 936 1531 1000 Romulo

173 1043 324 1101 constituto
345 1049 482 1102 oetrutate
503 1049 586 1120 31333
607 1041 722 1100 inustio
745 1038 850 1099 detecto
867 1038 1081 1118 prolaberetur,
1102 1049 1135 1100 ut
1158 1039 1242 1102 Attici
1262 1039 1408 1102 admonitu
1425 1040 1533 1104 Caesar

173 1161 236 1204 eam
258 1143 442 1222 reficiendam
464 1153 588 1205 mraret.
626 1141 687 1201 Liv.
704 1141 733 1214 4,
756 1139 811 1202 2οε
834 1140 885 1202 boa
906 1159 955 1222 epo
977 1160 1041 1204 cum
1056 1142 1215 1222 Augustum
1231 1139 1390 1216 Caesarem,
1413 1144 1532 1225 templo-

172 1264 241 1307 rum
262 1249 390 1307 ornninon
413 1246 586 1308 emitterem
608 1263 641 1307 oa
662 1248 868 1314 restitutorem,
894 1247 1053 1325 inpressum
1075 1245 1172 1308 aedem
1193 1247 1308 1325 [eretrii
1327 1246 1416 1319 13313,
1446 1267 1533 1329 paam

172 1359 310 1410 3311331313
327 1348 470 1429 dilapsam
489 1351 606 1429 refecit,
631 1367 661 1409 se
690 1351 785 1428 ipsum
810 1347 977 1410 1311133333
1000 1349 1085 1411 b'nteo
1106 1355 1242 1432 scriptum
1265 1351 1360 1432 legisse
1382 1352 1531 1414 audissem.

173 1452 288 1515 Atticus
311 1461 447 1515 mortuus
463 1463 515 1515 'est
536 1472 561 1514 3.
579 1473 607 1515 3.
623 1470 648 1514 3.
665 1451 727 1513 722
750 1449 926 1531 scripsitque
948 1452 1024 1513 hanc
1038 1451 1115 1516 vitae
1130 1463 1242 1532 partern
1259 1463 1421 1516 extremam
1436 1454 1532 1536 Nepos

175 1557 288 1618 devicto
307 1541 435 1619 Antonio
463 1556 499 1618 ad
525 1555 641 1618 4311331
666 1559 703 1630 (3.
720 1555 771 1629 20,
793 1555 825 1632 5)
849 1573 946 1635 neque
968 1564 1066 1618 133133
1088 1563 1157 1637 post
1177 1575 1203 1618 a.
1219 1557 1281 1618 725
1303 1558 1385 1637 (3331
1408 1539 1537 1638 graniter¹

176 1669 254 1721 errat
276 1659 478 1742 Nipperdeius,
500 1678 568 1742 oum
591 1659 665 1741 prol.
681 1679 710 1741 p.
726 1675 785 1719 133
807 1667 875 1720 3313
896 1679 922 1721 3.
940 1658 1001 1720 725
1017 1658 1170 1721 Caesarem
1192 1659 1400 1741 imperatorem
1420 1661 1533 1724 dictum

175 1781 238 1825 esse
260 1762 374 1843 negat),
401 1765 525 1824 fortasse
547 1763 611 1844 ipso
633 1780 711 1825 anno
732 1780 849 1843 pugnae
870 1762 1002 1825 Actiacae
1024 1761 1096 1834 723,
1119 1782 1178 1842 quo
1199 1763 1271 1827 11331
1293 1765 1379 1828 33033
1398 1765 1533 1830 restituta

174 1867 384 1930 videturesse.

274 1970 362 2033 Aedes
382 1974 414 2033 in
439 1968 579 2052 Capitolio
600 1967 676 2030 13313
697 1972 831 2031 tonantis.
866 1969 908 2031 Cf.
924 1970 1031 2032 lordan
1053 1969 1083 2032 in
1107 1969 1297 2050 topographia
1319 1969 1401 2032 urbis
1422 1969 1533 2032 Rornae

175 2073 231 2136 rol.
250 2075 277 2147 1,
300 2072 320 2132 2
342 2092 372 2153 3.
388 2072 438 2136 48.
483 2071 569 2134 Vovit
596 2070 697 2133 aedem
720 2072 870 2154 Augustus
897 2092 922 2135 a.
940 2073 1049 2152 72819,
1081 2092 1146 2135 eum
1167 2073 1342 2155 3333001333
1366 2073 1535 2139 Cantabrico

174 2197 224 2258 per
251 2187 425 2240 nocturnum
452 2180 506 2238 iter
528 2176 656 2240 lecticam
677 2180 736 2238 3133
757 2177 861 2258 sulpur
878 2180 1115 2258 praestrinxisset
1136 2195 1303 2259 servumque
1322 2177 1535 2258 praelucentem

175 2284 365 2343 examinasset
388 2280 482 2354 (Suet.
501 2280 575 2359 Aug.
596 2278 660 2356 29),
687 2280 830 2342 dedicavit
856 2299 881 2341 3.
906 2279 967 2342 732
991 2280 1071 2362 8331.
1095 2282 1111 2341 1
1143 2279 1287 2360 (111354,
1315 2281 1350 2355 4;
1379 2279 1410 2342 C.
1425 2280 1447 2341 1.
1464 2281 1496 2341 L.
1511 2281 1533 2354 1,

176 2387 260 2462 400).
304 2384 536 2464 Repraesentant
561 2382 663 2444 aedem
690 2383 806 2445 nummi
827 2382 962 2466 inscripti
985 2383 1060 2447 13313
1081 2387 1205 2446 tanarum
1227 2383 1397 2446 similiterve
1420 2383 1533 2463 (031133

176 2489 248 2570 dag.
267 2487 444 2550 178-180.
468 2485 658 2566 184-186).

276 2593 365 2655 Aedes
381 2591 506 2665 Quirini.
544 2589 586 2651 Gt.
600 2589 713 2667 Becker
727 2609 756 2670 p.
772 2591 850 2665 571;
871 2589 976 2652 133033
991 2590 1057 2671 3311.
1074 2589 1164 2672 epigr.
1184 2591 1198 2650 1
1216 2609 1245 2672 3.
1262 2588 1324 2652 236
1337 2610 1397 2672 seq.
1424 2591 1534 2654 Aedem

177 2697 252 2759 11333
276 2695 308 2758 13
338 2695 412 2757 33113
439 2693 582 2768 Quirinali
611 2693 754 2754 dedicavit
780 2694 930 2773 Augustus
959 2713 984 2755 3.
1007 2693 1083 2768 738,
1110 2692 1145 2755 ἐκ
1171 2693 1286 2776 καινῆς
1313 2691 1535 2779 οἰκοδομήσας

177 2799 242 2878 (013
265 2801 316 2873 54,
341 2798 408 2878 19),
438 2816 534 2878 neque
556 2795 661 2870 3113131,
684 2797 763 2876 quod
784 2795 940 2876 aliquando
960 2796 1077 2860 obstare
1098 2795 1198 2878 putavi
1221 2795 1265 2876 (C.
1282 2797 1305 2857 1.
1321 2796 1353 2858 L.
1375 2798 1431 2879 lp.
1448 2798 1533 2879 395),

177 2902 255 2982 quod
277 2901 448 2964 nominatur
469 2899 526 2962 iarn
548 2899 626 2980 apud
641 2898 807 2962 Vitruvium
823 2899 852 2975 3,
869 2900 898 2974 2,
915 2902 944 2975 7,
960 2918 1027 2962 3331
1044 2918 1224 2981 quamquam
1239 2918 1307 2963 eum
1323 2900 1533 2981 praefationem

177 3013 255 3066 certe
279 3003 430 3085 scripsisse
452 3013 521 3066 ante
541 3023 568 3065 a.
585 3002 646 3066 727
669 3011 747 3066 33313
763 3002 970 3066 Lachmannus
993 3005 1074 3084 (opp.
1091 3003 1198 3066 31132
1220 3023 1249 3084 p.
1267 3003 1340 3080 104)
1363 3004 1535 3080 observavit,
1626 3031 1629 3037 ’

177 3107 286 3170 libram
314 3107 452 3187 quintum
481 3117 550 3187 post
574 3125 643 3169 eum
666 3125 777 3168 333331
801 3106 924 3168 ediderit
945 3125 1066 3169 necesse
1088 3117 1133 3169 est
1155 3107 1236 3186 (nam
1260 3106 1385 3187 Augusti
1406 3107 1536 3194 nominis

179 3210 314 3274 meminit
336 3211 365 3285 5,
390 3212 417 3285 1,
441 3211 473 3287 7)
496 3219 652 3291 potestque
674 3209 760 3272 aedes
782 3210 894 3290 aliquot
915 3209 1000 3272 annis
1021 3218 1089 3272 3313
1112 3229 1138 3272 3.
1155 3208 1217 3272 738
1239 3209 1374 3274 13330313
1397 3231 1462 3274 3333
1484 3230 1536 3274 13-

179 3323 258 3378 taeta
280 3313 351 3376 aede
373 3313 479 3388 011313,
502 3322 537 3376 31
557 3332 633 3375 3333
655 3313 759 3376 330331
783 3315 846 3376 3313
868 3315 960 3376 fieret.

278 3416 367 3479 dedeo
395 3416 482 3497 (tres)
505 3415 650 3479 Minervae
675 3427 701 3478 et
729 3415 849 3479 1333313
869 3417 995 3498 11331333
1020 3426 1047 3478 at
1068 3414 1145 3478 Iam's
1166 3415 1316 3480 Libertatis
1336 3421 1368 3480 in
1389 3419 1535 3482 13331133.

180 3520 223 3582 01.
241 3519 352 3582 Becker
374 3519 410 3581 de
431 3519 527 3601 prima
549 3539 579 3601 p.
595 3521 667 3594 454,
691 3520 727 3582 03
749 3519 877 3582 secunda
900 3538 929 3600 p.
945 3519 1017 3594 452,
1040 3519 1075 3580 03
1099 3519 1183 3582 133113
1205 3540 1234 3601 p.
1251 3521 1313 3582 457
1334 3530 1365 3583 31
1388 3521 1459 3584 721.
1495 3520 1537 3585 De

180 3623 247 3684 lore
269 3622 431 3696 Libertate,
460 3621 617 3702 (331Ζεύ3
640 3621 831 3707 ἐλευθέριος
853 3622 961 3686 0131133
982 3623 1151 3704 interpreti,
1181 3623 1394 3688 dubitationem
1417 3645 1536 3688 ornnem

181 3727 288 3788 1311331
315 3725 393 3788 111311
421 3725 479 3788 1331
509 3726 579 3789 33113
601 3726 665 3788 3311
689 3726 827 3788 033111331
850 3725 942 3788 1249.
968 3726 1058 3788 1282.
1106 3728 1199 3790 Aedes
1221 3728 1274 3790 has
1296 3736 1357 3790 tres
1379 3729 1536 3791 numinum

182 3829 271 3892 trium
288 3828 519 3911 Capitolinorum
536 3829 691 3910 Zumptius
713 3828 806 3892 credit
827 3847 887 3892 non
910 3848 980 3891 3333
995 3829 1143 3911 coniungi,
1166 3831 1217 3893 sed
1232 3831 1391 3894 sacrarium
1408 3831 1537 3894 effecisse

181 3931 377 4014 tripertitum3
403 3932 432 3993 id
461 3933 487 3994 si
514 3951 617 3995 rerum
648 3941 709 4006 est,
737 3931 840 3994 habuit
866 3940 900 3995 ut
926 3933 1068 4014 ’13333133
1095 3953 1181 3997 31333
1210 3943 1240 3996 31
1267 3935 1348 3996 331113
1378 3935 1537 4008 0313133113

181 4036 286 4117 (Varro
309 4035 328 4096 l.
348 4036 368 4096 1.
389 4037 425 4110 5,
454 4035 529 4110 158ς
556 4035 667 4098 Reclrer
693 4055 722 4117 p.
743 4037 818 4114 577)
847 4037 935 4099 edam
963 4037 1125 4101 Arentinus
1157 4057 1245 4101 suum
1274 4047 1423 4118 tamquam
1451 4039 1538 4120 Capi-

182 4141 295 4203 tolium.
348 4138 389 4201 De
421 4139 534 4219 origine
566 4140 621 4201 boc
647 4149 763 4202 tanturn
791 4141 956 4220 accepimns
978 4141 1079 4203 aedem
1102 4141 1351 4204 13333131331331
1373 4142 1538 4204 esseVeiis

182 4245 274 4325 captis
303 4262 319 4304 a
346 4241 481 4318 Camill03
508 4243 667 4316 Minervae,
699 4262 773 4324 quae
805 4243 891 4304 aedes
917 4252 996 4306 33313
1023 4244 1120 4306 extitit
1147 4245 1206 4308 1331
1233 4245 1309 4307 bello
1337 4245 1537 4320 Hannibalioo‚

182 4347 317 4428 lorisque
337 4346 455 4427 quando
476 4347 623 4410 dedicatae
646 4347 707 4409 sint
728 4348 889 4425 ignoratur.
926 4347 1003 4408 Fieri
1025 4357 1178 4429 potestat
1200 4350 1252 4410 has
1267 4367 1383 4428 qaoque
1399 4349 1537 4411 Camillus

184 4450 318 4514 excitarit
339 4451 488 4530 triumque
510 4451 616 4513 haram
639 4449 756 4512 aedium
779 4451 860 4530 origo
883 4451 1051 4512 communis
1072 4451 1119 4514 sit.
1155 4451 1285 4534 0333311
1299 4451 1441 4514 13303333
1457 4452 1537 4532 (eph.

185 4555 274 4635 epigr.
293 4557 308 4616 1
334 4552 455 4635 3237)
484 4555 652 4634 Augustum
679 4573 739 4616 non
769 4553 804 4616 03
831 4555 901 4616 3303
923 4555 1010 4617 verba
1032 4557 1141 4631 133333,
1169 4556 1220 4618 330
1243 4554 1421 4618 decadibus
1444 4554 1538 4617 tribus

184 4677 344 4739 earumque
366 4657 477 4720 natales
498 4657 630 4720 diversos
652 4677 726 4732 esse,
749 4667 871 4721 eatenus
893 4667 972 4721 recte
993 4658 1124 4732 omnino,
1141 4659 1221 4739 quod
1243 4657 1279 4720 de
1301 4657 1445 4739 tripertita
1468 4659 1538 4720 3303

185 4762 382 4826 1333331133
409 4760 530 4841 cogitari
558 4780 618 4823 non
647 4771 758 4843 331331;
788 4781 843 4824 333
873 4771 1063 4825 1331333333
1086 4761 1142 4824 tria
1163 4761 1285 4823 numina
1308 4761 1469 4841 Capitolina
1492 4762 1539 4823 hic

185 4865 322 4928 ridentur
352 4864 508 4927 coniuncta
531 4865 697 4943 procedere.
734 4865 884 4946 Augustus
898 4883 957 4945 quo
979 4875 1111 4948 tempore
1133 4885 1182 4927 333
1204 4863 1367 4926 restituerit
1387 4883 1455 4926 cum
1479 4883 1538 4926 non

1362 4963 1378 5018 6
