3798 5584
367 449 409 513 60
960 444 1014 512 111,
1033 445 1116 498 a-er

366 625 534 688 sestertium
563 624 720 686 sescenties
748 623 961 704 (60000000)
997 625 1027 686 in
1057 623 1217 685 triennium
1251 627 1387 684 mutuum
1422 621 1503 684 dedit
1532 620 1595 682 sine
1627 639 1718 682 usura

366 737 440 790 teste
462 729 573 791 Zonara
597 729 660 804 (10,
676 729 730 790 36:
754 725 863 806 χιλίας
890 727 944 790 καὶ
972 730 1191 800 πεντακοσίας
1212 722 1376 808 μυριάδας
1404 721 1557 808 δραχμῶν
1579 716 1718 796 ἀτόκους

365 841 434 904 τοῖς
461 830 632 914 δεομένοις
662 828 818 903 δανείσας
844 828 905 892 ἐπ’
933 828 987 912 ἔτη
1015 833 1090 913 τρία
1118 829 1273 913 ἐπῃνεῖτο
1302 827 1394 913 παρά
1423 825 1595 904 πάντων).
1622 828 1718 890 Plebis

367 936 517 997 Romanae
539 935 599 997 sive
622 935 750 996 urbanae
772 953 839 995 cum
862 953 888 996 a.
905 935 965 996 749
988 943 1182 996 numerentur
1204 934 1282 996 milia
1305 953 1393 996 cccxx
1415 935 1496 1012 (nam
1519 951 1625 994 cccxxx
1639 931 1717 1013 quod

365 1039 511 1121 interpres
533 1039 613 1100 dedit
634 1037 699 1100 sine
721 1037 809 1100 dubio
831 1047 960 1100 erratum
984 1037 1051 1117 est),
1074 1037 1203 1119 quinque
1226 1037 1412 1100 liberalitates
1434 1036 1470 1098 ab
1485 1055 1510 1097 a.
1527 1036 1588 1097 710
1604 1035 1640 1097 ad
1655 1033 1717 1096 742

297 1213 306 1229 .
364 1143 473 1205 divisae
500 1141 637 1204 dicuntur
659 1159 821 1221 numquam
844 1141 1011 1222 pervenisse
1032 1141 1069 1203 ad
1091 1142 1225 1204 homines
1247 1141 1346 1203 minus
1368 1159 1420 1202 ccc
1442 1139 1536 1213 milia,
1563 1149 1596 1201 ut
1617 1147 1719 1220 postea

156 1289 161 1311 ι
276 1243 277 1247 ’
365 1247 448 1310 datae
468 1245 635 1328 pervenisse
655 1245 807 1306 videantur
828 1245 863 1306 ad
880 1263 1038 1307 numerum
1054 1245 1202 1325 aliquanto
1218 1244 1358 1307 maiorem
1374 1254 1403 1306 et
1417 1243 1500 1326 plebs
1515 1243 1552 1304 ab
1566 1261 1592 1305 a.
1605 1243 1666 1304 710
1682 1241 1718 1303 ad

365 1372 391 1414 a.
405 1353 467 1413 749
489 1349 638 1432 paullatim
661 1368 676 1410 a
700 1351 814 1411 minore
835 1349 891 1411 hoc
912 1367 1037 1410 numero
1051 1350 1087 1412 ad
1103 1350 1244 1411 maiorem
1260 1349 1342 1411 illum
1359 1346 1547 1410 succrevisse.
1578 1345 1717 1409 Ultimam

364 1465 462 1518 autem
485 1453 667 1533 largitionem
692 1471 744 1514 cur
770 1470 830 1514 non
857 1450 988 1532 ceperint
1017 1451 1075 1513 nisi
1097 1452 1251 1514 bominum
1274 1451 1353 1514 milia
1376 1452 1472 1534 paullo
1494 1450 1561 1532 plus
1583 1450 1717 1522 ducenta,

364 1559 432 1620 inde
458 1557 619 1638 explicatur
647 1556 726 1636 quod
753 1555 849 1637 paullo
871 1563 939 1616 ante
959 1554 1108 1635 Augustus
1134 1555 1247 1637 plebem
1272 1555 1369 1618 denuo
1390 1563 1577 1617 recensuerat
1598 1562 1628 1614 et
1649 1572 1717 1615 cum

364 1672 448 1725 antea
470 1661 576 1744 plebeii
598 1659 709 1722 ordinis
731 1658 843 1721 civibus
865 1657 1004 1720 omnibus
1026 1659 1055 1720 iu
1079 1658 1153 1720 urbe
1174 1659 1347 1740 degentibus
1369 1656 1400 1720 in
1422 1661 1604 1720 trumentum
1620 1657 1719 1738 publi·

365 1785 433 1829 oum
456 1766 502 1828 ius
524 1773 611 1838 esset,
635 1763 838 1844 accipientium
861 1781 1018 1824 numerum
1041 1762 1077 1824 ad
1099 1763 1179 1825 hunc
1198 1763 1349 1844 redegerat
1364 1770 1438 1824 teste
1453 1761 1544 1824 Dione
1559 1761 1719 1842 epitomato

366 1865 573 1944 55,1o,1:d
596 1865 634 1931 δὲ
660 1863 851 1944 Αὔγουστος
872 1864 909 1927 τὸ
932 1864 990 1928 τοῦ
1012 1859 1119 1948 δήμου
1140 1866 1198 1928 τοῦ
1221 1863 1495 1946 σιτοδοιουμένοο
1518 1861 1650 1948 πλῆθος
1679 1861 1720 1926 δν

365 1971 397 2046 ἐς
420 1975 525 2035 εἴκοσι
548 1967 712 2054 μυριάδας
735 1966 921 2030 κατέκλεισε
942 1969 992 2048 (cl.
1017 1969 1176 2032 Suetonius
1198 1970 1270 2050 lug.
1294 1969 1357 2049 40).
1394 1968 1427 2030 ld
1449 1987 1516 2029 cum
1538 1967 1569 2030 in
1591 1967 1718 2048 epitoma

367 2076 575 2158 interpositum
599 2075 637 2136 sit
658 2074 737 2144 inter
758 2092 806 2134 res
828 2092 853 2134 a.
869 2071 931 2134 748
953 2081 983 2134 et
998 2073 1069 2146 752,
1092 2073 1196 2136 collato
1211 2075 1267 2136 boe
1281 2075 1375 2154 capite
1390 2070 1593 2134 commentarii
1607 2074 1717 2134 lactum

365 2201 430 2243 esse
451 2178 630 2258 intellegitur
652 2177 729 2240 inter
749 2175 917 2257 largitiones
938 2177 1012 2239 duas
1034 2196 1059 2238 a.
1077 2179 1138 2240 749
1161 2187 1190 2240 et
1213 2176 1274 2239 752
1296 2177 1469 2256 videturque
1491 2193 1559 2238 cum
1580 2174 1644 2256 ipsa
1663 2175 1720 2237 hac

365 2283 582 2364 quodammodo
596 2280 788 2343 coniunctum
804 2279 904 2353 luisse,
927 2298 994 2341 cum
1010 2281 1088 2362 apud
1102 2280 1224 2342 Dionem
1241 2280 1431 2360 congiarium,
1452 2279 1529 2360 quod
1545 2298 1605 2341 non
1621 2287 1719 2359 potest

367 2406 434 2449 csse
455 2386 513 2448 nisi
535 2384 604 2447 anni
621 2384 692 2458 752,
708 2383 806 2446 statim
823 2381 1024 2462 subiungatur.
1047 2419 1088 2428 —
1111 2385 1266 2446 Summam
1281 2384 1497 2464 quodammodo
1512 2381 1615 2463 capitis
1629 2381 1718 2444 buius

365 2489 479 2553 rettulit
491 2488 650 2551 Suetonius
664 2489 747 2569 (lug.
761 2489 813 2565 41)
827 2486 880 2549 ita:
897 2490 1042 2568 cnrgicrio
1054 2488 1159 2568 populo
1172 2488 1337 2568 [requenter
1350 2489 1434 2558 ndu,
1449 2487 1499 2550 scd
1514 2487 1643 2550 δίσκοισι
1655 2488 1719 2568 fere

364 2611 500 2664 sunnon,
523 2593 605 2654 nodo
627 2592 842 2674 quadringenos,
866 2592 949 2654 nodo
972 2601 1106 2663 trecenos,
1128 2609 1342 2674 nonnumquam
1357 2593 1478 2654 ducenos
1491 2595 1717 2672 qudrqncqenos-

365 2718 418 2780 que
453 2696 557 2770 (immo
590 2695 851 2778 quadragenosque)
883 2713 1024 2757 nannmos.
1083 2694 1329 2776 Chronograpbus
1361 2713 1387 2756 a.
1410 2694 1471 2756 354
1507 2711 1576 2756 oum
1608 2693 1650 2755 ait
1682 2695 1719 2756 de

365 2801 497 2880 Augusto
513 2801 554 2881 (p,
571 2800 632 2862 646
647 2797 692 2860 ed.
708 2801 817 2872 menet:
840 2801 1018 2879 congt'otdum
1038 2798 1113 2860 dedit
1134 2808 1178 2860 ten
1191 2819 1211 2860 re
1223 2818 1358 2873 concurre,
1381 2807 1441 2860 tam
1456 2797 1487 2859 in
1501 2796 1718 2878 congiariorum

366 2923 491 2967 numero
513 2913 592 2965 errat
622 2921 710 2983 quam
734 2902 764 2963 in
793 2919 922 2977 summa3
949 2919 1019 2963 nam
1049 2921 1084 2962 ex
1112 2911 1178 2964 octo
1205 2900 1435 2975 liberalitatibus,
1458 2901 1537 2981 'quas
1565 2909 1719 2964 enumerat

364 3009 427 3090 ipse
449 3009 609 3087 Augustus,
633 3006 722 3068 missa
745 3003 963 3068 testamentaria
984 3015 1015 3067 et
1034 3005 1225 3068 frumentaria
1240 3015 1269 3067 et
1285 3004 1402 3068 militari
1421 3005 1621 3067 numerandae
1635 3014 1719 3068 erant

365 3111 511 3193 quinque,
539 3129 663 3191 quarum
695 3129 811 3172 summa
839 3108 926 3171 fiebat
945 3127 1145 3170 ris-unctium
1167 3108 1228 3170 sive
1248 3129 1270 3169 rs
1288 3127 1401 3170 ccccxx,
1445 3108 1566 3170 Videtur
1588 3108 1719 3170 laterculi

366 3227 469 3278 auctor
483 3233 655 3277 numerasse
670 3215 725 3277 tria
740 3212 885 3294 congiaria
900 3211 1069 3274 sestertium
1085 3211 1362 3292 quadringenorum,
1378 3231 1413 3274 ex
1424 3212 1539 3275 duobus
1550 3211 1717 3274 sestertium

366 3320 548 3380 ducenorum
564 3327 595 3380 et
609 3318 860 3398 quadragenorum
877 3315 1004 3378 alterum
1020 3314 1163 3390 omisisse,
1179 3315 1303 3378 alterum
1320 3333 1388 3377 cum
1403 3315 1544 3378 Suetonio
1559 3313 1718 3378 credidisse

366 3422 533 3484 sestertium
556 3422 738 3484 ducenorum
760 3429 791 3482 et
811 3419 1094 3500 quinquagenorum.

466 3524 563 3587 Prima
596 3524 712 3604 largitio
745 3523 894 3606 pertinens
927 3522 962 3584 ad
990 3541 1015 3583 a.
1033 3523 1094 3584 710
1123 3540 1208 3604 saepe
1241 3531 1423 3584 memoratur
1452 3521 1531 3603 apud
1561 3520 1719 3602 scriptores

366 3628 604 3710 (socundus.
626 3627 682 3702 833
711 3627 858 3690 Plutarch.
881 3625 988 3688 Anton.
1008 3626 1056 3688 16.
1077 3625 1159 3690 Brut.
1176 3625 1232 3701 20;
1259 3624 1427 3707 lippiunt,
1452 3623 1539 3704 143),
1569 3622 1621 3703 qui
1651 3641 1718 3685 oum

365 3739 514 3812 praeterea
536 3730 623 3793 ctiam
645 3731 676 3792 in
699 3749 815 3793 summa
838 3748 905 3792 cum
922 3729 1133 3792 commentario
1148 3727 1342 3801 consentiant,
1363 3728 1443 3789 solus
1458 3727 1511 3789 bio
1527 3727 1577 3800 44,
1593 3724 1634 3788 35
1651 3743 1719 3788 cum

367 3833 480 3896 adsecla
503 3832 614 3895 Zonara
639 3834 687 3908 10,
706 3833 745 3894 12
771 3842 802 3896 et
828 3833 904 3896 banc
926 3849 1074 3894 summam
1096 3831 1180 3912 ponit
1200 3842 1230 3894 et
1250 3839 1369 3894 auctore
1391 3829 1479 3894 citato
1500 3829 1565 3912 ipso
1587 3828 1720 3909 Augusto

367 3937 488 4000 alteram
511 3935 713 3999 sestertiorum
736 3955 791 3998 cxx
813 3939 862 4015 (cl.
878 3936 1031 3999 Drumann
1054 3937 1081 4010 1,
1100 3935 1183 4013 101).

467 4039 667 4103 Liberalitates
698 4041 823 4104 secunda
851 4049 882 4102 et
908 4038 1032 4120 septima
1062 4040 1207 4119 proiectae
1233 4056 1269 4099 er
1299 4036 1442 4100 bellorum
1472 4035 1609 4099 manibiis
1639 4035 1722 4099 datae

366 4153 437 4208 sunt
469 4153 537 4225 post
569 4143 753 4226 triumphum
789 4143 958 4207 triduanum
985 4161 1011 4204 a.
1034 4141 1104 4202 725.
1150 4140 1223 4203 Rem
1251 4142 1407 4204 confirmat
1434 4137 1495 4203 llio'
1511 4141 1560 4215 51,
1577 4140 1633 4202 tt:
1666 4138 1721 4203 καλ

365 4256 436 4320 τοῖς
451 4241 667 4330 στρατιώταις
682 4243 784 4309 ἔδωκέ
798 4267 887 4321 τινα,
910 4244 954 4328 τῷ
969 4268 1003 4307 τε
1018 4239 1112 4328 δήμῳ
1134 4244 1217 4307 καθ’
1233 4240 1348 4308 ἑκατὸν
1363 4241 1524 4327 δραχμάς,
1549 4244 1723 4326 προτέροις

365 4350 427 4434 μὲν
448 4360 518 4424 τοῖς
540 4348 573 4425 ἐς
595 4347 716 4433 ἄνδρας
738 4347 901 4424 τελοῦσιν,
925 4347 1043 4412 ἔπειτα
1057 4346 1095 4411 δὲ
1110 4347 1166 4410 καὶ
1181 4357 1251 4422 τοῖς
1265 4345 1367 4410 παισὶ
1382 4345 1442 4410 διὰ
1454 4346 1512 4412 τὸν
1527 4343 1724 4428 Μάρκελλον

366 4453 424 4518 τὸν
445 4449 662 4538 ἀδελφιδοῦν,
686 4452 860 4536 διένειμεν.
896 4453 999 4516 Paullo
1021 4461 1087 4516 ante
1103 4452 1166 4532 (51,
1185 4454 1235 4525 17)
1254 4451 1408 4514 rettulerat
1422 4449 1565 4513 militibus
1587 4451 1722 4531 quicum

367 4558 489 4620 Caesare
511 4565 651 4619 venerant
664 4556 876 4621 Alexandream
898 4565 1052 4620 numerata
1075 4575 1140 4619 esse
1162 4555 1241 4618 milia
1262 4573 1421 4617 nummum
1443 4553 1557 4636 singula
1572 4563 1723 4635 tamquam

367 4662 398 4723 in
422 4659 562 4722 solacium
585 4660 667 4723 urbis
690 4680 750 4724 uon
773 4660 896 4724 traditae
918 4660 1106 4744 diripiendae.
1149 4659 1190 4721 lle
1212 4677 1338 4721 numero
1360 4658 1488 4722 militum
1510 4677 1536 4718 v.
1560 4657 1596 4720 ad
1619 4655 1649 4732 3,
1672 4655 1722 4719 22.

467 4761 601 4825 Tertium
632 4763 743 4826 donum
770 4763 801 4827 in
830 4765 983 4829 consulatu
1012 4763 1125 4826 decimo
1153 4781 1178 4824 a.
1201 4761 1263 4824 730
1292 4763 1371 4826 dedit
1397 4762 1549 4843 Augustus
1578 4769 1646 4844 post
1672 4757 1727 4821 de-

366 4865 459 4930 victos
481 4865 642 4932 Cantabros
665 4867 789 4933 Romam
811 4868 937 4932 rediens.
981 4867 1023 4930 lle
1045 4887 1079 4931 eo
1099 4866 1153 4930 uio
1168 4865 1218 4943 53,
1235 4865 1276 4930 28
1299 4865 1341 4930 sic
1364 4864 1453 4930 tradit
1466 4864 1634 4945 Augustum
1659 4872 1724 4926 tum
