3798 5584
272 391 276 398 ·
357 388 398 452 ῃ
942 381 994 449 ιιι,
1013 383 1118 438 ss-ss

355 567 415 626 eicco
442 565 528 628 melite
552 609 609 625 ...
631 565 672 627 bis
700 581 770 626 usses
791 572 838 634 est,
860 563 946 625 muel
967 564 1006 626 ool
1024 561 1201 644 praesidium
1223 559 1399 624 coloniorum
1421 560 1568 640 lilpeicum
1592 565 1702 622 contiu-

355 671 496 749 peutiuoo,
531 671 632 729 iterum
661 667 698 727 od
727 665 844 728 tecteloou
870 671 950 747 ripoe
982 666 1074 729 llbeui
1097 667 1239 746 (luminis,
1272 683 1370 747 eosque
1396 683 1491 727 ursos
1518 664 1610 726 odleuc
1636 669 1703 726 eins

357 773 525 853 scme'uo'epue
549 769 791 850 pecuniosioribus
816 769 934 832 indictos
954 789 988 833 oc
1009 775 1068 832 siue
1089 787 1172 832 moro
1192 773 1378 831 manumissos
1399 770 1568 850 subpriore
1590 768 1702 850 (malim

354 876 450 955 privo)
472 872 577 935 venillo
599 873 696 935 babuit
716 892 804 955 neque
826 883 876 934 ovet
897 877 1061 936 commistos
1077 892 1140 935 cum
1154 877 1282 954 iupeuuis
1297 885 1347 935 out
1361 875 1457 936 eodem
1470 875 1553 935 modo
1569 883 1704 936 nummos.

358 976 521 1038 Macrobius
549 985 603 1038 sat.
628 977 654 1049 1,
678 977 726 1049 11,
752 975 805 1036 33:
841 975 948 1038 Coesor
977 975 1117 1057 Augustus
1142 981 1173 1038 iu
1202 975 1357 1038 Gumouio
1382 988 1409 1038 et
1435 975 1551 1056 Illyrico
1582 978 1705 1038 cobortes

359 1081 557 1144 libertinorum
580 1078 735 1160 complures
750 1078 822 1159 legit,
845 1098 916 1160 quos
929 1079 1108 1143 uoluntarios
1120 1080 1273 1161 oppeiiooit
1280 1077 1316 1158 ¹).
1346 1080 1514 1142 Secundum
1531 1081 1603 1142 haee
1618 1079 1704 1142 Tibe-

359 1184 421 1246 rius
449 1192 550 1245 contra
571 1181 782 1244 Maroboduum
809 1181 1023 1262 expeditionem
1046 1183 1144 1244 hieme
1170 1203 1195 1245 a.
1217 1182 1311 1252 totns
1338 1184 1500 1266 suscipiens
1521 1202 1705 1264 nequaquam

358 1286 510 1349 duodecim
539 1285 667 1365 legiones
695 1286 750 1347 sub
776 1285 867 1364 signis
888 1285 996 1347 babere
1017 1285 1154 1367 potuitl).
1197 1275 1270 1350 Nam
1294 1297 1327 1349 ut
1349 1288 1462 1351 mittam
1486 1287 1593 1350 iunctis
1616 1287 1705 1368 copiis

360 1388 541 1452 Germanicis
561 1397 593 1450 et
613 1388 773 1469 Mlyricanis
794 1389 842 1450 vix
864 1398 979 1452 tantum
1002 1409 1160 1452 numerum
1184 1391 1259 1454 effici
1281 1391 1420 1472 potuisse,
1443 1409 1511 1453 cum
1534 1391 1706 1472 praesertim

360 1515 394 1557 ex
422 1492 576 1556 Germania
605 1492 756 1555 universae
784 1492 883 1573 copiae
910 1493 1023 1555 avocari
1043 1495 1221 1574 nequirent,
1250 1495 1275 1556 si
1303 1495 1437 1558 Tiberius
1471 1505 1515 1558 tot
1544 1495 1706 1575 legionibus

359 1597 467 1660 bellum
489 1596 690 1658 Pannonicum
713 1596 822 1678 coepit,
844 1596 949 1659 deinde
971 1597 1067 1678 primo
1093 1617 1170 1659 anno
1196 1608 1227 1660 et
1252 1598 1349 1680 copias
1377 1617 1412 1660 ex
1443 1597 1517 1660 urbe
1547 1599 1659 1680 accepit
1679 1608 1708 1661 et

358 1701 489 1783 quinque
509 1700 638 1780 legiones
660 1719 694 1761 ex
709 1699 913 1762 transmarinis
928 1699 1095 1782 provinciis,
1118 1703 1266 1781 quomodo
1281 1702 1406 1765 Velleius
1422 1702 1598 1765 contendere
1613 1702 1709 1783 potuit

359 1804 467 1867 iunctis
494 1803 668 1866 exercitibus
699 1823 767 1866 eum
798 1803 900 1865 decem
927 1803 1091 1883 legionibus
1117 1806 1292 1886 praefuisse,
1321 1805 1480 1868 Suetonius
1507 1825 1577 1868 eum
1599 1806 1708 1869 bellum

360 1909 484 1990 gessisse
511 1926 579 1970 cum
605 1906 766 1987 legionibus
793 1907 974 1987 quindecim,
1001 1926 1159 1970 numerum
1187 1929 1299 1990 ponens
1329 1909 1430 1990 utique
1452 1928 1540 1989 quem
1569 1909 1711 1989 habuerat

360 2008 547 2076 maximum?
590 2011 686 2084 Quare
712 2020 764 2074 aut
784 2011 979 2074 Maroboduus
1003 2011 1094 2072 Taciti
1117 2012 1270 2091 gloriosius
1292 2032 1380 2093 quarn
1402 2013 1499 2074 uerius
1526 2014 1644 2075 locutus
1666 2021 1710 2075 est

360 2125 411 2178 aut
437 2112 591 2177 duodecim
619 2114 747 2194 legiones
773 2114 838 2177 illae
864 2123 894 2176 et
922 2133 977 2196 pax
1006 2114 1136 2178 insecuta
1158 2135 1218 2178 non
1240 2115 1276 2178 ad
1299 2115 1365 2177 belli
1387 2116 1545 2177 Pannonici
1568 2116 1710 2197 principia

359 2218 527 2281 referendae
549 2227 632 2290 eunt;
654 2217 685 2280 id
707 2219 785 2298 quod
807 2226 885 2280 recte
907 2216 1022 2279 admitti
1043 2225 1149 2298 potest.
1190 2218 1264 2281 Nam
1279 2218 1356 2299 quod
1371 2219 1458 2299 vulgo
1473 2219 1561 2281 hodie
1576 2229 1712 2281 statuunt

361 2322 511 2384 Tiberium
538 2321 643 2383 nunde
670 2321 705 2383 de
733 2320 891 2382 rebellione
918 2320 1023 2401 lllyrici
1045 2329 1163 2402 accepto
1185 2341 1286 2402 pacem
1308 2322 1411 2385 iecisse
1434 2341 1499 2384 oum
1522 2322 1710 2396 Maroboduo,

360 2433 494 2489 auctores
521 2442 582 2486 non
611 2423 806 2499 tradiderunt3
836 2424 961 2486 Velleius
984 2423 1012 2498 2,
1038 2425 1098 2486 110
1125 2424 1161 2486 ab
1187 2425 1369 2507 expeditione
1391 2425 1540 2486 Tiberium
1565 2425 1711 2488 destitisse

364 2529 507 2610 siguificat
532 2527 611 2609 pacis
639 2527 718 2590 nulla
746 2528 896 2591 mentione
923 2529 1011 2601 lacta,
1038 2526 1091 2589 llio
1114 2529 1164 2600 55,
1187 2527 1227 2591 28
1256 2529 1460 2591 tantummodo
1492 2528 1533 2590 ait
1558 2528 1711 2591 Germanis

363 2631 530 2716 petentibus
552 2649 654 2712 pacem
676 2650 844 2694 concessam
866 2651 939 2693 esse.
976 2632 1071 2693 lmrno
1093 2631 1213 2695 callidus
1235 2642 1265 2694 et
1285 2633 1424 2714 providus
1447 2633 1506 2694 dux
1529 2651 1596 2695 cum
1617 2633 1712 2695 Maro-

364 2738 461 2800 boduo
482 2735 627 2818 pepigisse
648 2744 745 2816 potest
766 2745 817 2798 aut
838 2755 890 2817 per
911 2735 1018 2797 beMnm
1040 2735 1241 2798 Pannonicum
1263 2746 1315 2799 aut
1336 2756 1371 2799 eo
1393 2735 1512 2798 finiente
1534 2737 1662 2810 linitores,
1684 2745 1713 2799 et

366 2841 407 2902 ita
429 2848 506 2901 recte
529 2857 580 2900 rex
603 2838 697 2902 disere
713 2838 861 2902 Romanos
884 2839 1053 2919 cogitavisse
1075 2838 1111 2900 de
1127 2839 1201 2901 bello
1216 2847 1317 2901 contra
1332 2839 1429 2918 ipsum
1446 2839 1630 2921 suscipiendo
1645 2859 1711 2902 curn

364 2941 526 3023 legionibus
553 2960 603 3002 ιιι.
647 2941 798 3004 Exercitus
824 2942 926 3022 igitur,
954 2961 1012 3022 quo
1035 2942 1170 3005 Tiberius
1192 2941 1402 3004 Maroboduum
1426 2943 1540 3024 aggredi
1564 2951 1712 3016 statuerat,

367 3066 418 3109 sex
440 3048 500 3108 iere
522 3045 670 3124 legionum
692 3045 806 3107 ridetur
828 3045 934 3120 luisse,
963 3045 1067 3108 deinde
1088 3046 1124 3108 ad
1147 3045 1313 3126 quindecim
1336 3064 1491 3108 numerum
1516 3047 1641 3108 crevisse
1663 3048 1714 3109 ad-

366 3148 463 3212 ductis
485 3148 614 3228 quinque
636 3148 798 3229 legionibus
820 3151 966 3212 veteranis
981 3169 1017 3211 ex
1031 3150 1159 3231 tegypto
1174 3158 1204 3212 et
1219 3147 1310 3230 Syria,
1334 3148 1397 3210 aliis
1412 3158 1509 3211 autem
1525 3167 1628 3212 reoens
1643 3168 1713 3211 oon-

368 3253 483 3334 scriptis
511 3270 546 3312 ex
572 3249 662 3313 ltalia.
706 3251 749 3314 lta
771 3269 859 3332 quam
883 3271 971 3333 supra
992 3251 1132 3333 proposui
1154 3251 1351 3338 coniecturam
1373 3259 1441 3313 octo
1463 3251 1589 3331 legiones
1620 3271 1636 3314 a
1665 3271 1714 3313 ιιιι

370 3358 406 3419 ad
433 3375 471 3416 ιι
497 3363 609 3416 creatas
638 3373 702 3416 esse
732 3355 797 3437 ipso
823 3374 900 3418 anno
924 3357 985 3417 759
1006 3363 1127 3435 psopter
1147 3355 1256 3417 bellum
1280 3353 1490 3427 Pannonicum,
1512 3354 1626 3434 egregie
1648 3373 1713 3417 oum

366 3460 403 3523 iis
426 3457 606 3533 conciliatur,
628 3477 702 3538 quae
725 3458 871 3521 derebus
893 3477 946 3539 per
966 3477 1016 3519 eos
1038 3475 1131 3519 annos
1153 3457 1242 3537 gestis
1261 3456 1473 3536 dilectibusque
1494 3457 1636 3520 institutis
1657 3467 1715 3520 tra·

368 3564 427 3627 dita
454 3563 627 3643 accepimus.
671 3562 812 3626 Videntur
838 3571 936 3625 autem
968 3580 1002 3623 ex
1028 3560 1191 3640 legionibus
1220 3579 1323 3623 reeens
1350 3559 1523 3641 conscriptis
1544 3561 1619 3623 dune
1641 3562 1716 3623 solae

370 3667 427 3750 ipsi
449 3666 523 3729 bello
538 3665 715 3741 interfuisse,
737 3666 866 3746 reliquae
882 3665 911 3728 in
928 3663 1113 3727 Germaniam
1136 3663 1241 3726 missae
1256 3682 1321 3726 esse
1336 3663 1366 3725 in
1381 3663 1479 3726 losum
1495 3664 1563 3727 unde
1578 3664 1716 3729 deducta-

471 3944 492 4009 ¹)
516 3942 584 3996 llaec
602 3943 628 3994 ni
647 3941 725 3995 lallot·
743 3943 815 4009 origo
834 3949 874 3994 est
891 3941 1033 3993 cobortium
1044 3939 1193 3992 Medicorum
1212 3939 1413 3992 uoluntariorum
1430 3941 1524 3992 ciuium
1535 3940 1717 4006 Romanorum,

372 4046 476 4099 quarum
496 4030 616 4096 quaedam
634 4037 713 4096 certe,
731 4038 761 4081 ut
772 4046 819 4080 ιιιι.
833 4045 869 4079 ιιι.
883 4043 958 4078 ιιιιιι.
970 4043 1022 4077 xxv.
1035 4042 1097 4078 xrvr.
1110 4043 1163 4077 ιιι.
1176 4043 1238 4077 ιιιιι
1251 4028 1377 4078 durartmt
1387 4025 1547 4093 (Marqnardt
1557 4025 1718 4081 Stoaieoarae.

370 4119 386 4167 2
404 4133 427 4184 p.
440 4115 515 4178 452)·,
538 4115 624 4166 solent
646 4115 710 4167 enim
735 4117 807 4167 servi
826 4115 857 4165 ob
875 4114 991 4165 militiam
1009 4112 1157 4164 menumissi
1175 4113 1274 4164 nomine
1300 4112 1420 4165 volonum
1438 4114 1495 4165 eive
1514 4114 1719 4168 voluntariorum

371 4203 410 4254 uti
428 4209 454 4252 et
472 4207 530 4268 apto
549 4199 616 4266 (tto,
635 4199 678 4269 22,
690 4203 731 4268 57,
745 4201 786 4268 ll)
804 4201 941 4252 etdacoro
954 4199 1055 4262 (Festus
1074 4214 1112 4266 ep.
1125 4214 1149 4265 p.
1162 4197 1224 4262 3703
1242 4197 1332 4252 Livius
1351 4197 1393 4264 23,
1410 4199 1452 4262 ³5,
1465 4199 1493 4263 63
1512 4199 1567 4251 vita
1579 4201 1659 4254 Marci
1677 4203 1720 4267 tt)

372 4287 581 4354 intellegiturque
599 4287 634 4339 ita
653 4303 704 4352 cur,
724 4303 779 4338 cum
797 4286 894 4337 milites
910 4301 995 4337 eorum
1008 4285 1079 4338 cives
1092 4285 1195 4338 Romani
1209 4285 1270 4348 sint,
1289 4284 1479 4338 condicionibus
1491 4287 1599 4339 militiae
1617 4297 1720 4341 utantur

372 4377 404 4426 ad
427 4374 524 4425 modum
549 4373 604 4424 lere
626 4373 824 4440 peregrinorum.
861 4371 976 4424 Ceterum
1000 4372 1121 4435 originem
1139 4372 1195 4424 dieo
1214 4371 1318 4422 duxisse
1337 4372 1455 4424 cobortes
1474 4363 1567 4424 casea
1590 4373 1719 4427 libertinis

373 4461 403 4512 ed
418 4466 601 4510 sacramentum
619 4460 745 4524 admissis,
763 4476 812 4510 non
825 4459 953 4528 suppletas
966 4474 1022 4510 esec
1035 4474 1065 4509 ex
1078 4460 1164 4510 eodem
1176 4457 1286 4510 militum
1297 4473 1405 4526 genere,
1423 4474 1478 4511 enm
1490 4474 1504 4510 e
1517 4461 1649 4513 contrario
1662 4477 1720 4512 con-

374 4554 426 4599 stet
443 4547 544 4598 tirones
561 4547 587 4597 in
606 4562 648 4598 aas
660 4554 778 4614 receptos
791 4562 848 4598 esee
860 4546 1011 4614 peregrinae
1023 4545 1179 4598 condicionis
1191 4545 1304 4596 homiues
1318 4545 1415 4610 pariter
1425 4552 1501 4612 atque
1513 4545 1540 4596 iu
1553 4547 1667 4615 reliquas
1680 4564 1721 4600 eo·

374 4633 463 4684 bortcs
481 4631 632 4684 auxiliariae
651 4633 685 4695 (ιι.
704 4631 760 4684 c.1.
774 4633 804 4684 t.
822 4631 855 4684 lll
872 4648 895 4699 p.
908 4631 977 4698 90⁷).

473 4719 495 4785 ²)
518 4717 543 4770 ld
568 4717 610 4785 qui
632 4716 754 4783 defendit,
771 4727 800 4770 ut
817 4716 880 4770 lecit
898 4716 1024 4769 Abrabam
1041 4716 1059 4768 l.
1073 4733 1095 4769 e.
1108 4733 1132 4784 p.
1147 4717 1185 4781 tt,
1206 4716 1324 4769 admittet
1342 4731 1445 4770 necesse
1464 4725 1505 4769 ost
1521 4719 1663 4782 Angmtutn
1681 4721 1721 4772 uel

374 4813 433 4858 ante
452 4805 545 4858 bellum
563 4803 732 4856 Pannonicum
751 4805 806 4872 plus
822 4803 998 4867 duodeviginti
1016 4803 1130 4868 legiones
1147 4803 1273 4854 habaima.
