3798 5584
786 450 826 518 11,
846 452 951 507 18-20
1500 455 1543 520 43

188 629 296 692 Actiaci
329 649 388 692 uon
423 631 595 693 dicebantur
628 650 723 711 neque
739 630 791 692 ulli
826 631 889 694 eius
922 632 1052 694 nominis
1080 632 1184 694 urbani
1213 651 1353 714 umquam
1384 634 1546 712 lueruntl).

189 734 287 796 Minus
321 735 455 815 proprie,
489 735 539 796 sed
573 754 632 797 non
666 744 776 798 temere
808 735 839 797 bi
872 736 933 798 ludi
966 745 1102 817 poterant
1133 736 1274 798 celebrari
1307 737 1398 798 videri
1427 745 1547 818 propter

189 837 387 918 principatum
409 857 505 920 pugna
528 839 576 901 illa
591 839 706 901 Actiaca
728 841 894 901 fundatum.
931 841 1116 919 Quamquam
1137 859 1197 901 non
1213 849 1333 920 propter
1347 841 1404 903 hoc
1418 840 1547 902 resusci-

190 941 275 1002 tarim
293 951 421 1004 veterem
436 942 544 1004 Norisii
565 941 734 1023 opinionem
751 944 952 1006 decennalium
969 952 998 1004 et
1013 943 1272 1023 quinquennalium
1291 943 1546 1024 imperatoriorum

190 1045 333 1124 originem
357 1066 391 1107 ex
415 1047 460 1107 his
484 1047 561 1108 ludis
584 1056 766 1127 repetentem
790 1047 830 1128 (v.
846 1046 955 1107 Ecltbel
971 1047 1000 1120 8,
1024 1047 1114 1127 476);
1137 1047 1184 1108 cui
1200 1048 1333 1128 opinioni
1349 1049 1405 1110 hoc
1419 1049 1547 1110 maxime

190 1148 296 1222 obstat,
319 1149 397 1229 quod
426 1151 487 1211 ludi
517 1150 682 1230 dequibus
710 1150 823 1230 agimus
846 1149 981 1212 celebrati
1004 1161 1076 1211 sunt
1097 1169 1158 1212 nou
1180 1171 1232 1232 per
1254 1151 1468 1232 quinquennia,
1496 1152 1547 1213 sed

190 1253 294 1335 quinto
316 1273 433 1334 quoque
455 1273 542 1315 anno.
580 1253 671 1316 Multo
695 1253 793 1315 minus
817 1263 883 1315 vota
906 1255 976 1316 haec
1002 1255 1106 1333 quinto
1129 1275 1246 1335 quoque
1268 1276 1345 1319 anno
1369 1265 1503 1337 suscepta
1519 1265 1549 1318 et

190 1377 257 1421 cum
280 1357 358 1418 ludis
381 1358 536 1418 coniuncta
552 1358 692 1420 conlundi
708 1358 825 1431 debent,
850 1365 882 1418 ut
898 1357 967 1419 lecit
981 1357 1146 1439 Zumptius,
1169 1378 1236 1421 cum
1253 1361 1328 1422 votis
1344 1361 1449 1422 annuis
1464 1359 1548 1421 lactis

189 1461 225 1522 ab
260 1461 463 1524 sacerdotibus
498 1461 636 1522 omnibus
664 1461 819 1540 utriusque
847 1481 936 1522 sexus
962 1479 1016 1541 pro
1044 1463 1137 1524 salute
1166 1464 1351 1544 imperatoris
1380 1463 1426 1525 die
1452 1464 1547 1524 lan.3

194 1565 270 1641 (vide
292 1584 368 1644 quae
391 1567 426 1627 de
449 1565 494 1626 bis
517 1563 576 1625 dixi
599 1564 629 1625 G.
647 1565 667 1625 l.
685 1563 744 1625 L.l
767 1585 796 1645 p.
813 1565 897 1641 382).
921 1600 961 1608 -
984 1564 1082 1626 Ludos
1098 1567 1182 1628 Actio
1197 1566 1322 1647 Apollini
1346 1586 1443 1630 sacros
1459 1567 1547 1628 etiam

190 1667 220 1729 in
253 1668 326 1730 urbe
355 1669 516 1731 celebratos
546 1686 609 1730 esse
642 1687 722 1729 more
745 1669 854 1731 Graeco
884 1678 914 1730 et
940 1669 1094 1742 habuisse,
1123 1679 1157 1731 ut
1179 1671 1346 1732 babuerunt
1367 1671 1476 1732 Actiaci
1498 1670 1549 1751 qui

191 1770 322 1852 Nicopoli
351 1773 526 1846 edebantur,
555 1791 677 1851 agonem
708 1773 854 1834 musicum
882 1781 912 1834 et
933 1772 1102 1852 gymnicum
1126 1773 1329 1852 circenscsque
1352 1773 1418 1852 (ttio
1441 1773 1491 1846 53,
1517 1773 1548 1852 1)

192 1874 340 1954 probabile
353 1884 422 1948 'est3
445 1877 481 1938 de
503 1875 682 1938 circensibus
706 1895 758 1955 per
779 1894 887 1956 pueros
909 1876 1046 1956 virosque
1069 1876 1181 1937 nobiles
1205 1876 1291 1938 editis
1313 1876 1401 1938 etiam
1424 1876 1547 1938 Dionem

193 1977 320 2040 scribere
343 1978 470 2042 vidimus
492 1981 673 2059 athletasque
696 1979 808 2060 pugiles
831 1979 861 2040 in
886 1979 962 2040 ludis
978 1979 1024 2040 his
1039 1988 1166 2041 certasse
1181 1999 1216 2041 ex
1234 1979 1376 2042 Suetonio
1391 1980 1477 2060 (Aug.
1494 1979 1549 2057 44)

192 2081 345 2160 colligitur.
373 2117 406 2126 -
434 2082 532 2144 Ludos
554 2103 608 2164 pro
631 2082 797 2145 valetudine
811 2083 940 2144 Caesaris
963 2103 1022 2145 non
1039 2083 1160 2145 durasse
1174 2092 1242 2164 post
1257 2103 1409 2145 excessum
1425 2082 1549 2162 Augusti

192 2194 221 2245 et
246 2184 301 2246 llio
334 2185 477 2265 significat
510 2196 540 2249 et
572 2196 802 2249 consentaneum
830 2197 892 2262 est3
927 2206 986 2248 non
1016 2187 1171 2249 translatos
1198 2206 1262 2248 esse
1292 2187 1329 2248 ad
1357 2187 1549 2267 imperatores

192 2289 369 2368 posteriores
391 2289 557 2366 verisimile,
580 2291 719 2371 quoniam
743 2299 812 2371 post
837 2291 908 2352 illud
937 2300 1053 2371 tempus
1080 2299 1158 2352 certa
1180 2310 1282 2352 eorum
1306 2291 1385 2353 nulla
1408 2289 1549 2352 memoria

192 2401 343 2472 superest,
374 2413 448 2473 quae
478 2396 525 2455 vix
553 2396 690 2456 deiiceret
716 2395 746 2455 in
777 2403 858 2456 tanto
885 2395 1022 2457 ludorum
1054 2395 1208 2475 splendore
1241 2403 1378 2474 tantaque
1409 2395 1445 2456 de
1473 2394 1549 2456 ludis

191 2494 294 2556 aetatis
322 2495 527 2575 imperatoriae
555 2497 789 2559 testimoniorum
820 2496 1006 2559 abundantia.
1050 2498 1184 2560 Fuerunt
1212 2498 1303 2576 igitur
1324 2497 1402 2559 inter
1423 2499 1549 2560 honores

191 2607 339 2678 paternos,
363 2599 470 2680 quibus
493 2599 628 2662 Tiberius
651 2601 695 2663 uti
717 2602 871 2663 recusavit.

213 2900 278 2941 aar.
295 2880 324 2956 2,
339 2900 366 2943 re
383 2902 406 2942 ro
437 2881 593 2959 [fflomlim
627 2882 715 2944 etiam
745 2892 775 2944 et
804 2882 1005 2962 municipatim
1035 2883 1163 2946 universi
1186 2881 1190 2966 l
1216 2887 1297 2962 [ciues
1318 2887 1551 2965 socnficocernnt

377 3003 404 3046 ao
434 2987 553 3064 sempelr
574 2986 650 3066 apud
674 2986 772 3048 omnia
795 2986 958 3066 pulvinirria
979 2988 1034 3066 prd
1058 2987 1234 3065 valcj[tnda'ne
1255 2989 1335 3066 mccl.

234 3106 278 3147 on.
296 3087 325 3160 5,
343 3105 366 3147 ra
381 3105 405 3148 aa
438 3087 503 3148 Καὶ
525 3088 593 3148 κατ’
618 3087 709 3150 ἰδίαν
731 3086 768 3150 δὲ·
791 3088 845 3150 καὶ
866 3091 871 3174 l
891 3087 975 3152 κατὰ
996 3087 1113 3164 πόλεις
1135 3084 1319 3164 adunantes
1340 3087 1372 3152 oi
1387 3089 1543 3152 πολεῖται

376 3210 401 3250 ro
433 3184 681 3271 o‘podopaldldn]
705 3194 845 3272 συνεχῶς
868 3192 997 3256 ἔθυσαν
1020 3190 1103 3277 ὑπὲρ
1126 3193 1181 3277 τῆς
1203 3192 1282 3275 ἐμῆς
1305 3195 1511 3277 ocoplpptogl.

191 3319 256 3381 Lat.
275 3320 313 3381 18
330 3320 504 3382 vocabulum
527 3327 720 3402 ncnntctpotr'nr
742 3333 826 3386 antea
848 3325 1016 3387 coniectura
1037 3344 1054 3397 a
1081 3343 1128 3386 me
1151 3325 1321 3386 restitutum
1346 3325 1402 3386 iam
1431 3325 1462 3386 iu
1485 3326 1549 3406 ipso

189 3425 286 3503 lapide
314 3425 421 3485 lectum
449 3434 504 3486 est.
528 3461 559 3468 -
591 3425 624 3486 V.
649 3427 688 3487 19
712 3427 761 3488 ubi
782 3445 865 3509 coepe
887 3429 985 3508 posuit
1006 3427 1157 3507 Berglrius‚
1181 3432 1313 3491 continno
1335 3448 1397 3508 ego,
1420 3439 1549 3490 extrema

189 3545 265 3605 quae
287 3536 422 3606 superest
443 3527 539 3589 littera
563 3550 582 3589 x
604 3537 764 3609 utrumque
794 3532 1031 3612 supplementum
1063 3531 1208 3594 refutavit.
1256 3533 1294 3593 19
1317 3532 1357 3592 in.
1381 3550 1448 3593 cum
1477 3533 1549 3594 deti·

189 3628 269 3690 ciant
290 3629 403 3690 litterae
424 3649 487 3703 xxv,
511 3651 537 3691 r.
554 3632 594 3692 20
617 3632 657 3693 in.
681 3632 750 3694 item
782 3651 841 3694 non
868 3635 935 3714 plus
958 3653 1022 3706 xxx,
1052 3636 1255 3716 supplementa
1284 3654 1372 3714 supra
1399 3636 1548 3715 proposita

189 3750 251 3793 non
273 3741 351 3794 certa
373 3732 492 3813 quidam
516 3745 596 3808 sunt,
625 3737 676 3797 sed
703 3745 782 3798 recte
805 3738 981 3817 proceduut;
1013 3738 1110 3800 verbis
1145 3741 1223 3820 opned
1255 3743 1350 3800 omnio
1379 3738 1547 3818 pnlctnorn'o

190 3835 299 3897 Graece
320 3835 435 3898 ridetur
456 3837 554 3918 aliquo
577 3839 664 3901 modo
687 3841 865 3921 respondere
888 3836 1120 3923 ὁμοθυμαδόν.

290 3939 334 4000 Ad
356 3958 419 4001 rem
444 3941 507 4002 vide
529 3962 603 4023 quae
626 3953 727 4006 narrat
740 3944 899 4007 Suetonius
914 3946 988 4025 Aug.
1005 3945 1056 4018 59,
1080 3944 1205 4006 maxime
1228 3945 1314 4006 haec:
1336 3948 1550 4024 procinnirrnm

186 4041 341 4123 pleraeque
363 4063 449 4123 snper
471 4047 576 4125 templo
597 4059 624 4110 et
645 4065 714 4108 oros
736 4048 818 4110 ludos
840 4066 948 4129 quoqne
971 4049 1195 4130 quinquennales
1205 4067 1296 4129 poene
1311 4048 1465 4142 oppidatim
1480 4067 1549 4110 con-

189 4148 352 4208 stituerant.
398 4148 440 4208 Cf.
457 4167 481 4209 c.
499 4149 539 4211 98
563 4159 593 4211 et
615 4150 753 4213 lloratiue
776 4170 865 4212 carm.
883 4153 911 4224 4,
925 4153 954 4224 5,
967 4152 1003 4213 31
1024 4172 1068 4231 sq.
1091 4160 1121 4213 et
1142 4152 1196 4213 llio
1211 4153 1261 4226 51,
1277 4153 1314 4214 19
1338 4161 1367 4214 et
1389 4153 1446 4216 alii.
1489 4153 1550 4214 Nec

190 4250 378 4328 neglegemus
393 4269 430 4312 ne
453 4252 510 4314 hoc
531 4253 650 4333 quidem
674 4255 737 4315 loco
759 4253 886 4335 lapidem
908 4255 984 4318 iutra
1006 4256 1124 4316 allatum
1148 4256 1183 4316 ad
1206 4255 1235 4328 3,
1248 4255 1298 4328 35,
1322 4255 1373 4318 ubi
1394 4254 1445 4335 qui
1468 4256 1550 4317 thea-

289 4544 310 4611 ²)
333 4544 432 4609 Ludos,
460 4546 548 4612 qulbus
577 4554 643 4599 teste
667 4547 790 4599 Suetonio
814 4546 906 4600 'libb
932 4549 1062 4616 praesedit
1084 4547 1203 4600 'l'iberius
1227 4551 1450 4615 adulescentulus,
1473 4553 1551 4602 ostica*

188 4629 308 4694 fuerunt,
327 4637 355 4682 ut
375 4632 460 4682 estin
478 4633 565 4684 codice
584 4634 735 4685 Memmiono
753 4635 934 4700 confirmatque
953 4637 1021 4687 alter
1040 4637 1111 4686 locus
1129 4635 1244 4686 Suetonii
1261 4634 1321 4702 (Gai
1340 4637 1392 4701 20),
1409 4653 1458 4688 noe
1472 4637 1547 4700 Actit',

188 4722 219 4767 nt
242 4717 302 4768 clim
327 4717 458 4769 edebatur.
493 4719 529 4769 lle
554 4721 668 4772 Actiacis
692 4721 760 4773 ludis
784 4721 923 4774 celebratis
949 4722 1067 4788 Nicopoli
1091 4729 1117 4773 ct
1139 4721 1203 4772 alibi
1222 4722 1281 4773 vido
1303 4722 1329 4774 C.
1347 4721 1365 4774 l.
1384 4723 1429 4775 Gr.
1444 4740 1469 4772 u.
1482 4723 1549 4773 5891

190 4803 281 4869 quique
299 4803 336 4854 lbi
355 4803 484 4866 citantem
503 4807 563 4857 item
582 4823 645 4873 quae
663 4807 823 4874 scripserunt
841 4808 974 4860 Heraeum
991 4823 1049 4860 auu.
1062 4809 1120 4860 inat.
1134 4809 1202 4860 arch.
1219 4808 1283 4860 1865
1302 4825 1324 4876 p.
1340 4809 1387 4860 195
1406 4816 1434 4860 ot
1451 4809 1548 4861 llessrm

188 4888 248 4942 cett.
267 4888 322 4942 dett
340 4892 399 4942 inst.
419 4890 483 4944 1881
503 4908 526 4959 p.
541 4891 599 4944 139.
