3812 5580
353 437 416 500 176
837 427 1223 494 nsvnrrcnovrumu

350 609 408 686 τός
430 635 465 674 τε
480 609 582 686 ἄλλας
597 605 698 694 ἀρχὰς
713 607 943 682 έπιτετελεκιός
959 608 1014 671 καὶ
1030 607 1089 671 διὰ
1105 609 1223 672 πασῶν
1237 604 1377 682 ὁδεύσας
1397 603 1521 683 ὕπατος
1540 611 1711 688 γενέσθαι,

349 712 440 777 τότε
454 711 539 778 ἄλλα
553 707 717 795 οἷξιιόματι
732 713 845 794 μέγας,
870 711 930 775 σὺν
946 706 1071 789 όίίγοις
1090 709 1149 775 ent
1164 713 1286 794 Συρίας
1309 712 1431 796 παρῆν,
1456 708 1524 776 dard
1542 715 1712 794 Καίσαρος

351 814 562 901 δικαιοδότης
576 817 634 880 τοῦ
651 813 773 889 ἔθνους
787 809 1034 896 ἀπεσταλμένος
1049 809 1106 876 καὶ
1119 811 1256 897 τιμητὴς
1270 815 1334 878 τῶν
1350 810 1472 886 οόσιοῑν
1483 812 1710 900 γενησόμενος,

350 921 476 1000 denique
494 919 542 994 18,
555 919 613 993 2,1
632 925 786 1001 postquam
804 916 1244 989 Quirinium'commemoravit:
1267 917 1332 982 τόν
1355 913 1587 1003 ἀποτιμήσεων
1607 922 1713 1002 πέρας

351 1022 508 1104 ἐχουσῶν,
533 1024 573 1083 al
592 1015 744 1098 έγένοντο
759 1019 943 1104 τριακοστῷ
958 1019 1013 1081 καὶ
1029 1017 1162 1104 έβόόμῳ
1179 1017 1243 1082 ἔτει
1266 1020 1348 1102 μετὰ
1358 1017 1534 1087 ’Λντωνίου
1549 1021 1585 1085 έν
1594 1017 1711 1106 Ἀκτίῳ

349 1119 450 1211 ἧτταν
472 1119 539 1188 ont
560 1123 738 1206 Καίσαρος,
761 1125 812 1203 qui
835 1141 929 1186 annus
952 1131 998 1185 est
1013 1124 1129 1198 759t60
1152 1144 1181 1185 u.
1197 1143 1222 1186 c.
1259 1125 1314 1188 Hic
1328 1126 1407 1188 enim
1424 1145 1531 1189 census
1545 1125 1710 1200 aQuiriuio

348 1231 504 1292 institutus
527 1247 594 1291 vere
616 1228 730 1309 primus
752 1226 817 1300 fuit,
841 1246 928 1307 quem
952 1227 1077 1289 Romani
1099 1229 1129 1289 in
1153 1226 1317 1290 Palaestina
1339 1232 1481 1292 lecerunt
1518 1229 1710 1292 adeundam

349 1352 472 1396 censum
496 1333 595 1414 Syriae
618 1340 695 1393 recte
718 1333 883 1393 referentur
904 1350 978 1411 quae
1002 1331 1038 1392 de
1060 1349 1151 1393 ceusu
1166 1331 1384 1412 Apamenorum
1408 1332 1445 1394 ad
1460 1333 1601 1395 Orontem
1625 1333 1712 1394 iussu

349 1436 475 1510 Quirinii
497 1439 574 1498 tacto
596 1434 627 1496 in
651 1434 736 1496 titulo
759 1436 868 1496 Veneto
890 1433 992 1515 (supra
1014 1454 1044 1515 p.
1058 1433 1132 1513 166)
1160 1434 1326 1497 traduntur.
1370 1433 1446 1496 Eum
1469 1453 1591 1497 censum
1615 1433 1710 1496 Lucas

349 1559 404 1601 suo
426 1557 526 1602 errore
548 1539 583 1600 ad
606 1539 708 1600 orbem
726 1546 869 1600 terrarum
886 1537 1024 1612 extendit,
1047 1556 1116 1600 cum
1133 1557 1200 1600 vere
1215 1537 1391 1619 pertinuerit
1405 1539 1440 1600 ad
1457 1536 1571 1619 Syriam
1587 1539 1709 1620 provin-

348 1643 423 1704 ciam
447 1643 553 1718 solam3
575 1641 645 1704 item
670 1660 768 1703 errore
794 1641 856 1714 1,5
879 1641 979 1722 posuit
1004 1641 1075 1702 haec
1097 1641 1228 1703 evenisse
1251 1638 1286 1703 έν
1307 1649 1382 1714 ταῖς
1404 1636 1542 1724 ἡμέραις
1562 1635 1710 1724 Ἡρώδου

348 1743 409 1808 τοῦ
425 1741 589 1826 βασιλέως
603 1743 660 1825 τῆς
666 1734 842 1818 Ἰουδαίας,
859 1762 926 1805 cum
940 1743 1070 1806 Herodes
1085 1744 1244 1805 excesserit
1257 1763 1282 1804 a.
1297 1745 1357 1805 756
1374 1763 1440 1806 vere
1453 1744 1558 1822 (ldeler
1573 1743 1709 1806 Chronol.

348 1847 378 1921 2,
391 1847 477 1927 390).
522 1847 571 1909 Bis
591 1865 708 1909 censam
729 1865 793 1908 esse
815 1846 951 1909 iudaeam
972 1846 1139 1919 aQuirinio
1161 1855 1192 1908 et
1212 1845 1342 1927 primum
1365 1847 1483 1926 quidem
1508 1867 1542 1908 eo
1565 1855 1708 1928 tempore,

349 1971 409 2032 quo
431 1971 447 2014 a
469 1951 611 2014 Romanis
633 1951 714 2012 nullo
738 1951 826 2012 modo
848 1950 960 2012 censeri
982 1951 1079 2030 potuit
1101 1968 1234 2030 quaeque
1257 1949 1321 2010 eius
1348 1949 1463 2028 generis
1490 1948 1544 2010 alia
1571 1949 1709 2010 homines

349 2055 477 2135 theologi
499 2055 544 2117 vel
565 2073 625 2116 uon
649 2054 785 2132 theologi,
809 2054 859 2114 sed
882 2053 917 2114 ad
940 2053 1034 2114 instar
1055 2053 1256 2133 theologorum
1274 2072 1309 2114 ex
1324 2052 1449 2114 vinculis
1465 2051 1709 2124 sermocinantes,

347 2177 383 2219 ex
406 2158 501 2220 Lucae
516 2157 657 2218 relatione
672 2157 748 2217 ellici
763 2175 850 2236 posse
865 2155 921 2217 sibi
936 2156 1078 2236 primunr,
1102 2174 1171 2217 mox
1185 2155 1249 2217 aliis
1264 2164 1484 2236 persuaserunt,
1508 2173 1607 2216 rerum
1625 2154 1708 2234 gnari

348 2278 532 2340 nequaquam
562 2267 706 2333 statuent,
741 2259 792 2320 sed
826 2259 881 2320 hoc
915 2268 1048 2322 statuent
1069 2260 1177 2321 Lucam
1210 2258 1240 2320 in
1268 2277 1367 2320 rerum
1398 2258 1539 2320 memoria
1568 2257 1708 2320 tradenda

346 2364 505 2443 losephum
529 2363 603 2425 male
626 2363 798 2443 compilasse
821 2372 851 2425 et
873 2381 938 2424 vera
967 2362 1048 2425 falsis
1076 2361 1240 2424 miscuisse.
1290 2360 1391 2441 Neque
1426 2362 1455 2422 id
1489 2379 1549 2422 non
1582 2360 1709 2440 pervidit

347 2467 436 2528 homo
458 2485 520 2529 oon
541 2465 624 2528 rudis
646 2473 676 2527 et
698 2466 768 2528 satis
783 2474 887 2527 acutus
903 2463 1119 2538 Tertullianus;
1141 2481 1210 2525 uam
1229 2471 1261 2526 ut
1275 2463 1421 2526 contraria
1443 2463 1491 2526 illa
1506 2463 1628 2526 evitaret
1642 2466 1704 2526 lor-

347 2578 425 2632 tasse
448 2570 558 2631 obiecta
585 2567 757 2631 Christianis
780 2569 935 2648 abaliquo
961 2585 1064 2630 eorum
1089 2565 1264 2641 adversario,
1287 2566 1457 2640 Quirinium
1488 2567 1611 2629 missum
1636 2566 1706 2628 lecit

347 2691 512 2752 censusque
534 2672 598 2734 illos
621 2671 724 2734 scribit
746 2673 820 2746 (adv.
837 2670 1013 2732 Marcionem
1030 2669 1127 2748 4,19)
1149 2681 1225 2731 octos
1246 2670 1298 2732 ereb
1322 2671 1445 2750 Augusto
1474 2675 1504 2732 ιἰι
1526 2668 1634 2732 Iudaeo
1653 2688 1708 2749 per

347 2775 476 2838 &utrum
499 2773 700 2849 Saturninum,
723 2774 835 2837 seilicet
856 2774 907 2853 qui
928 2772 1089 2854 praetuerit
1111 2771 1210 2853 Syriae
1233 2772 1297 2834 viro
1321 2773 1444 2835 Herode.
1468 2809 1509 2819 -
1532 2773 1610 2835 llaec
1631 2792 1706 2852 quae

346 2879 546 2941 enarravimus
580 2897 648 2941 cum
679 2879 714 2940 de
741 2877 876 2950 Quirinio
904 2877 978 2939 nibil
1006 2876 1130 2938 doceant
1162 2893 1221 2937 non
1255 2875 1406 2956 cognitum
1440 2876 1572 2949 aliunde,
1608 2875 1704 2938 Lucae

346 2981 475 3044 narratio
504 2981 561 3044 alio
587 2980 707 3043 nomine
734 2983 858 3042 tortasse
880 2980 916 3041 ad
939 2990 1070 3042 nostram
1099 2997 1162 3040 rem
1191 2977 1260 3040 tacit
1287 2978 1477 3059 prioremque
1499 2977 1599 3059 Syriae
1624 2977 1705 3056 lega-

347 3084 456 3146 tionem
480 3085 606 3157 Quirinii
628 3083 846 3164 quodammodo
874 3092 905 3145 et
930 3084 992 3164 ipsa
1020 3082 1183 3144 confirmat
1227 3081 1300 3142 Nam
1328 3081 1423 3161 pergit
1442 3081 1535 3143 Lucas
1559 3079 1587 3154 3,
1606 3082 1633 3140 1.
1664 3079 1703 3141 23

345 3187 444 3249 lesum
476 3188 607 3268 coepisse
636 3187 750 3270 publice
780 3186 912 3266 profiteri
938 3205 1016 3247 anuo
1044 3184 1158 3248 decimo
1186 3185 1289 3264 quinto
1317 3183 1426 3246 Tiberii
1453 3183 1584 3246 Caesaris
1611 3201 1705 3245 annos

345 3297 448 3350 natum
465 3289 581 3350 circiter
596 3289 729 3370 triginta3
744 3289 823 3350 unde
834 3287 1031 3350 Tertullianus
1044 3288 1120 3364 (adr.
1133 3287 1256 3348 ludaeos
1272 3305 1296 3348 c.
1311 3286 1343 3367 8)
1356 3287 1462 3367 aliique
1477 3286 1592 3366 antiqui
1606 3295 1705 3366 patres

345 3393 513 3474 complures
535 3393 715 3472 collegerunt
730 3391 879 3454 Christum
903 3401 1007 3454 natum
1028 3410 1109 3453 cesse
1131 3409 1209 3452 anno
1224 3389 1349 3470 Augusti
1367 3389 1591 3470 quadragesimo
1607 3388 1705 3469 primo

345 3497 390 3556 vel
411 3495 635 3576 quadragesimo
658 3496 787 3558 secundo
810 3495 870 3556 sire
892 3515 918 3556 a.
942 3515 971 3557 u.
994 3513 1019 3556 e.
1037 3493 1131 3576 751γ2
1155 3493 1262 3574 (ldeler
1284 3494 1415 3556 chronol.
1433 3496 1461 3568 1,
1477 3493 1562 3573 385).
1606 3493 1701 3555 Etiam

344 3597 489 3660 Eusebius
504 3598 534 3658 in
550 3597 695 3660 chronicis
711 3617 739 3678 p.
749 3599 810 3658 144
823 3598 891 3660 Sch.
904 3597 940 3660 ad
955 3616 981 3659 a.
990 3596 1061 3658 dbr.
1074 3596 1157 3658 2015
1170 3597 1215 3658 vel
1226 3594 1309 3658 2016
1322 3597 1400 3676 quod
1415 3596 1569 3660 adscribit:
1586 3593 1706 3679 ταύτης

343 3701 400 3783 τῆς
422 3699 506 3763 κατὰ
527 3699 585 3783 τὴν
608 3697 773 3763 Ἰουδαίαν
796 3695 995 3783 ἀπογραφῆς
1021 3694 1089 3763 όπό
1117 3699 1173 3783 τῆς
1196 3693 1379 3780 συγκλήτου
1402 3696 1522 3780 βουλῆς
1548 3700 1705 3779 Κυρίνιος

343 3799 544 3887 ἐπιμελητὴς
566 3800 763 3887 ἐξεπέμφθη
786 3825 869 3864 κατα
889 3801 1018 3866 τόδετὸ
1034 3801 1193 3884 κοσμικόν
1208 3799 1279 3875 ἔτος
1300 3796 1422 3864 οὐσιῶν
1444 3799 1500 3862 καὶ
1524 3793 1706 3883 οἰκητόρων

343 3901 537 3990 ἀναγραφὰς
565 3901 785 3988 ποιούμενος,
820 3924 887 3968 eum
921 3906 1028 3968 habeat
1059 3905 1168 3985 aliquid
1195 3903 1378 3967 auctoritatis
1408 3911 1508 3985 utpote
1539 3906 1705 3985 proiectum

343 4010 380 4071 ab
401 4009 517 4090 egregio
539 4009 762 4090 chronographo
784 4009 858 4071 lulio
873 4009 1018 4082 Africano,
1042 4008 1204 4070 secundum
1229 4027 1262 4069 ea
1284 4026 1358 4086 quae
1381 4026 1469 4088 supra
1492 4027 1520 4089 p.
1539 4008 1578 4067 14
1601 4007 1705 4069 obser-

343 4111 490 4185 vavimus,
524 4113 559 4190 ad
592 4112 718 4175 eundem
752 4115 813 4174 tere
846 4130 958 4173 annum
992 4110 1086 4184 ducit,
1121 4129 1227 4192 nempe
1255 4109 1403 4172 u.e.753
1426 4110 1565 4172 ιο1754.
1610 4110 1706 4172 Lucas

342 4233 414 4276 num
438 4214 478 4276 ita
501 4214 614 4295 etipse
637 4215 814 4296 computarit
835 4223 866 4276 et
887 4215 943 4276 hoc
965 4212 1084 4292 quidem
1107 4213 1171 4274 loco
1194 4213 1228 4274 de
1251 4213 1385 4283 Quirinio
1408 4213 1551 4294 cogitarit,
1575 4213 1704 4276 dubitari

343 4325 448 4399 potest,
472 4335 540 4378 nam
564 4317 600 4378 de
622 4325 716 4379 aetate
738 4336 797 4378 non
821 4325 954 4379 accurate
977 4334 1009 4377 se
1031 4315 1144 4377 tradere
1171 4315 1235 4396 ipse
1261 4315 1372 4379 iudicat
1394 4311 1486 4397 (duct
1508 4313 1590 4378 ἐτοῖν
1611 4314 1704 4398 τριό-

342 4425 465 4498 κοντα),
489 4438 586 4500 neque
607 4436 676 4481 eum
692 4419 746 4482 sibi
761 4429 895 4484 constare
918 4420 948 4481 in
964 4426 1130 4499 temporum
1147 4418 1262 4480 ratione
1277 4420 1366 4483 modo
1382 4419 1523 4494 vidimus;
1546 4418 1704 4480 verisimile

343 4532 442 4586 tamen
472 4531 518 4586 est
546 4522 576 4584 id
605 4523 703 4603 ipsum
737 4542 806 4585 eum
840 4522 995 4584 enuntiare
1028 4521 1164 4596 voluisse,
1197 4522 1278 4602 quod
1311 4523 1423 4603 antiqui
1455 4522 1633 4603 interpretes
1667 4539 1703 4582 en

341 4625 510 4688 narratione
532 4624 596 4686 eius
618 4625 786 4687 effecerunt.
830 4627 873 4688 lta
895 4635 1005 4698 autem,
1036 4624 1061 4686 si
1089 4643 1178 4706 supra
1206 4635 1285 4688 recte
1313 4625 1580 4688 demonstravimus
1601 4623 1704 4698 Quiri·

342 4730 425 4790 nium
448 4747 502 4809 per
524 4747 549 4788 a.
567 4729 637 4788 751.
655 4728 717 4789 752
740 4729 869 4810 primum
893 4728 1055 4809 praefuisse
1078 4727 1188 4809 Syriae,
1212 4727 1315 4804 Lucas,
1339 4749 1406 4792 eum
1423 4729 1573 4792 Christum
1597 4735 1702 4790 natum

342 4831 445 4894 statuit
466 4849 533 4894 ca.
550 4830 612 4892 752
634 4831 770 4904 Quirinio
794 4831 908 4912 Syriam
930 4829 1165 4904 administrante,
1196 4849 1255 4893 non
1278 4831 1379 4913 posuit
1401 4830 1458 4892 nisi
1479 4829 1640 4912 probabilia
1662 4840 1701 4904 et,
