3798 5584
923 431 973 500 IV,
993 435 1099 489 21-26

854 730 1029 809 CAPVT
1056 733 1183 809 XXI·

396 911 460 954 nur.
477 894 506 968 4,
520 912 545 956 n
578 891 581 972 l
605 894 638 956 ln
658 892 770 974 privato
786 893 848 957 solo
864 893 965 958 Mdrtis
979 893 1088 957 Ultoris
1104 893 1248 976 templum
1264 891 1445 976 [florumque
1459 893 1626 974 Augustum
1643 895 1691 974 [esc

524 1015 552 1060 m
578 995 734 1075 moosllbiis
757 1000 821 1060 ieci.
844 1001 863 1073 ᾖ
1682 1083 1684 1087 y

334 1118 379 1160 cn.
394 1101 501 1182 Ancyr.
519 1102 567 1176 11,
592 1121 618 1162 ro
654 1101 747 1182 Apoll.
764 1102 793 1176 5,
812 1119 851 1164 υτ
875 1097 928 1164 Ἐν
952 1099 1111 1186 ἰδιωτικῷ
1132 1092 1252 1183 idipso
1260 1095 1382 1184 Ἄρεως
1394 1097 1589 1184 Αμύντορος
1609 1094 1691 1179 ἆγο-

525 1223 548 1266 11
578 1199 641 1285 ράν
661 1225 697 1266 τε
718 1202 897 1287 Σελβαστὴν
919 1203 954 1266 ἐκ
976 1202 1135 1290 λαφύρων
1155 1199 1295 1286 ἐπόησα.
1318 1205 1355 1282 [ξ]

332 1331 407 1395 Nota
433 1333 464 1395 iu
488 1332 605 1396 Graecis
633 1327 715 1397 ναόν
741 1344 811 1415 post
830 1330 1030 1417 Ἀμύντορος
1056 1335 1158 1396 deesse
1186 1335 1218 1396 in
1244 1343 1371 1415 utroque
1402 1335 1544 1415 exemplo.
1589 1333 1631 1396 lle
1657 1353 1692 1397 re

333 1436 487 1500 videantur
514 1457 589 1517 quae
617 1438 652 1499 de
675 1442 738 1501 loro
760 1438 892 1519 Augusto
915 1440 1043 1519 sedeque
1063 1439 1095 1500 iu
1117 1457 1152 1500 eo
1176 1438 1273 1500 medio
1296 1438 1435 1501 collocate
1456 1437 1558 1500 hiantis
1580 1437 1692 1502 Ultoris

334 1540 462 1603 diximus
484 1541 595 1602 Becker
616 1550 676 1622 top.
697 1561 725 1623 p.
748 1541 809 1604 370
822 1562 866 1622 sq.
897 1552 927 1604 et
954 1561 1007 1623 ego
1036 1542 1066 1604 C.
1086 1543 1108 1604 l.
1132 1543 1164 1604 L.
1186 1543 1199 1604 l
1228 1563 1257 1624 p.
1273 1542 1335 1605 393
1365 1543 1401 1605 ad
1428 1542 1506 1604 diem
1534 1542 1618 1604 liert.
1643 1542 1692 1616 12,

333 1643 505 1725 praesertim
523 1645 682 1707 Suetonius
702 1665 726 1706 c.
744 1646 798 1708 56:
821 1647 922 1726 seeum
942 1651 1090 1727 onpostius
1110 1649 1187 1728 feeit,
1209 1667 1269 1710 οοο
1291 1666 1379 1709 auses
1393 1657 1561 1727 extorquere
1581 1664 1694 1727 posses·

333 1748 443 1810 solidus
459 1749 613 1827 prosimos
634 1748 740 1810 domos.
777 1750 850 1811 Vota
872 1757 918 1811 est
939 1750 1025 1812 aedes
1046 1752 1118 1812 haee
1139 1750 1215 1812 hello
1236 1749 1418 1831 Philippensi
1439 1751 1533 1826 (Suet
1548 1751 1622 1830 Aug.
1638 1749 1692 1826 29)

334 1871 363 1914 u.
380 1870 405 1912 c.
422 1850 498 1924 712,
528 1851 613 1913 cuius
640 1851 709 1914 helli
730 1852 802 1915 item
825 1853 1036 1933 intellegendae
1058 1863 1129 1916 sunt
1152 1854 1310 1928 manibus,
1333 1854 1466 1916 absoluta
1488 1862 1588 1916 autem
1610 1852 1694 1916 dedi-

334 1964 454 2036 cataque
481 1964 549 2037 post
577 1973 670 2017 sonos
698 1955 818 2019 demum
846 1955 1039 2037 quadraginta
1067 1977 1095 2019 u.
1111 1975 1136 2019 c.
1160 1956 1231 2019 752.
1284 1957 1498 2037 Quadrigarum
1519 1957 1550 2019 in
1571 1976 1607 2018 eo
1629 1958 1694 2016 ioro

334 2058 390 2120 sihi
412 2057 611 2122 dedicatarum
634 2058 769 2143 princeps
792 2060 929 2123 meminit
949 2061 1026 2124 intra
1048 2061 1077 2135 6,
1100 2060 1150 2121 27.

399 2359 464 2401 sss.
482 2342 510 2415 4,
525 2358 553 2402 τι
581 2339 741 2403 Theatrum
763 2343 800 2404 ad
822 2342 892 2405 aede
914 2342 980 2423 (sic)
994 2341 1138 2422 Apollinis
1160 2341 1190 2403 in
1213 2341 1275 2404 solo
1299 2341 1403 2421 magui
1425 2360 1460 2402 ex
1483 2350 1566 2422 parte
1581 2340 1597 2401 is
1612 2337 1696 2422 p[r]i-

524 2462 551 2506 το
577 2444 669 2521 [epos
692 2442 696 2526 Ι
721 2453 821 2526 empto
848 2445 917 2520 ieci,
945 2446 1025 2526 quod
1052 2445 1108 2508 suh
1134 2445 1256 2509 nomine
1278 2444 1315 2507 hl.
1332 2444 1478 2523 Marcelli]
1508 2443 1607 2525 generi
1634 2443 1696 2506 mei

585 2557 673 2610 esset.

336 2670 381 2712 cn.
396 2651 502 2733 Ancyr.
519 2652 568 2725 11,
592 2670 615 2712 ω
634 2669 660 2712 re
696 2551 790 2732 {poll
806 2653 835 2727 5,
852 2671 892 2716 us
927 2653 1075 2736 Θέατρον
1101 2673 1185 2734 προς
1213 2649 1259 2735 τῷ
1275 2645 1488 2726 ’Λπόλλωνος
1516 2651 1572 2732 (sic
1591 2651 1697 2733 Apoll,

578 2751 754 2830 απλλωνος
776 2757 861 2836 hnc.)
888 2755 958 2839 ναῷ
984 2753 1043 2818 tut
1070 2748 1216 2839 ἐδάφους
1238 2752 1273 2816 ἐκ
1295 2751 1455 2817 πλείστου
1477 2754 1596 2837 μέρους
1617 2749 1697 2831 ἀγο-

526 2877 551 2920 rs
581 2857 771 2940 λρασθίντος
798 2854 956 2942 ἇνύγοιρα
972 2860 1010 2938 [ξ]
1030 2856 1089 2922 ἐπὶ
1112 2854 1274 2942 ὀνόματος
1296 2851 1448 2941 (ὀνόματι
1467 2857 1574 2940 Apoll.)
1597 2861 1698 2942 Μαρ-

526 2981 552 3024 m
579 2958 694 3026 ottho
713 2959 719 3047 Ι
737 2961 797 3026 τού
817 2962 969 3045 γαμβροῦ
991 2982 1065 3044 μου.

336 3090 513 3154 Cthonium
547 3101 606 3174 top.
627 3111 657 3173 p.
679 3093 750 3155 603.
771 3092 843 3156 678.
899 3092 1041 3173 Coeperat
1080 3091 1228 3154 theatrum
1262 3090 1367 3152 Caesar
1403 3090 1541 3166 dictator3
1574 3092 1699 3172 perfecit

336 3195 487 3274 Angustus
510 3205 540 3258 et
560 3196 591 3258 io
613 3196 758 3259 honorem
782 3196 881 3278 generi
903 3195 1014 3258 mortui
1035 3215 1065 3257 u.
1081 3214 1106 3257 c.
1124 3194 1183 3257 731
1208 3194 1437 3258 dedicandus.
1455 3195 1697 3257 madiensis

336 3298 424 3378 (Ρ11ο.
441 3298 471 3360 h.
487 3317 516 3360 n.
533 3298 562 3374 8,
587 3301 635 3374 17,
659 3301 714 3376 65;
741 3318 919 3381 quamquam
942 3298 997 3361 nio
1021 3300 1070 3374 54,
1094 3299 1135 3361 36
1162 3298 1375 3363 dedicationem
1397 3301 1434 3362 ad
1456 3319 1482 3362 a.
1498 3303 1588 3364 refert
1609 3299 1695 3380 741).

359 3600 424 3642 mr.
442 3582 471 3655 4,
487 3598 514 3643 το
530 3597 557 3642 us
583 3579 677 3660 Don[e
698 3583 740 3660 e]x
759 3580 764 3664 l
784 3581 921 3644 meuibiis
943 3581 974 3643 in
991 3579 1133 3662 Capitolio
1155 3589 1186 3643 et
1206 3581 1238 3643 in
1260 3582 1331 3644 aede
1351 3581 1411 3644 divi
1425 3581 1500 3661 lopo
1522 3591 1553 3644 et
1573 3581 1604 3643 in
1625 3582 1698 3644 aede

524 3703 550 3747 ss
576 3684 719 3766 Apollinis
747 3693 776 3748 et
801 3687 832 3747 in
859 3682 939 3756 aeide
961 3684 1065 3747 Vestae
1092 3695 1121 3748 et
1147 3684 1178 3746 in
1202 3685 1311 3766 templo
1333 3685 1434 3748 Martis
1459 3685 1569 3747 Ultoris
1591 3703 1699 3746 consa·

525 3808 551 3850 oe
578 3788 664 3864 crasi,
688 3792 706 3865 ξ
728 3808 803 3869 quae
826 3788 898 3851 mihi
920 3788 1128 3862 constilterunt
1149 3808 1187 3850 ns
1208 3787 1324 3850 circiter
1347 3787 1482 3851 milliens.
1504 3791 1523 3863 ᾖ

337 3913 382 3955 cn.
400 3894 505 3976 Ancyr.
526 3895 573 3968 11,
598 3911 623 3954 u
640 3911 664 3954 ss
702 3893 795 3974 Apoll.
813 3895 841 3966 5,
864 3912 919 3956 l-s
946 3887 1158 3974 Ἀναθέμοτα
1186 3889 1221 3953 ἐκ
1243 3888 1401 3975 λαφύρων
1422 3889 1458 3954 ἒν
1483 3888 1698 3976 Καπιμωλίῳ

527 4017 552 4060 ω
579 3993 635 4057 καὶ
676 3995 745 4080 ναῷ
772 3991 898 4080 Ἰουλίῳ
932 3994 988 4057 καί
1020 3993 1090 4079 ναῷ
1118 3988 1327 4069 ’Λπόλλωνος
1357 3992 1362 4076 l
1392 3993 1449 4057 καί
1479 3989 1607 4067 Ἑστίας
1639 3991 1700 4055 καί

527 4121 553 4164 m
573 4096 711 4181 ”Aloesolc
727 4095 900 4182 ἅφιέρωσα
916 4094 1141 4182 ([ύμμειέρωσο
1155 4098 1272 4180 Apoll),
1294 4091 1405 4181 ἃίμοί
1421 4099 1558 4180 κατέστη
1581 4095 1586 4180 Ι
1604 4093 1701 4175 duris

580 4198 761 4286 μυριύύω[ν
783 4199 1003 4282 δι]σχε[ι]λίων
1025 4203 1272 4280 πεντακ[οσίων]
1295 4197 1311 4270 Ι.

338 4333 379 4396 Cf.
396 4333 477 4396 Suet.
493 4333 565 4413 hug.
582 4333 637 4396 30:
660 4335 741 4396 cedes
763 4353 861 4396 saeros
877 4380 884 4395 .
899 4379 906 4394 .
921 4379 927 4394 .
945 4334 1161 4415 opulentissimis
1182 4333 1263 4395 donis
1285 4333 1446 4406 odomeooit
1469 4342 1501 4394 ot
1523 4336 1574 4414 qui
1590 4336 1623 4394 ic
1637 4331 1701 4393 cel-

338 4437 396 4498 lam
413 4436 569 4516 Capitolini
586 4436 660 4500 Ionis
680 4439 798 4500 sedecim
820 4437 903 4500 milia
921 4439 1018 4519 pondo
1040 4441 1110 4500 ouri
1132 4438 1187 4517 (=
1201 4435 1390 4510 edocendo
1414 4434 1595 4510 sestertium)
1616 4453 1699 4514 pem-

338 4559 454 4620 mespue
474 4559 507 4601 oc
528 4545 702 4620 morporitos
722 4545 894 4623 qoiopeoties
914 4546 1035 4604 sestertii
1054 4560 1115 4603 seno
1138 4539 1289 4601 donatione
1303 4538 1468 4614 contulerim
1489 4556 1564 4618 qnae
1579 4555 1700 4598 summa

337 4643 429 4705 nimia
456 4653 518 4717 est,
547 4653 581 4706 ut
603 4643 678 4705 solet
698 4646 864 4725 exaggerari
886 4664 992 4708 aurum
1015 4643 1211 4725 Capitolinum
1234 4643 1284 4722 (ci.
1299 4642 1413 4704 Plinius
1434 4641 1463 4703 h.
1479 4660 1509 4701 n.
1526 4639 1576 4713 33,
1594 4642 1621 4714 1,
1639 4643 1700 4716 14;

339 4748 460 4810 Sueton.
477 4748 558 4810 Caes.
575 4747 638 4822 54),
661 4748 862 4829 refelliturque
882 4748 937 4810 hoc
958 4749 1021 4811 loco
1037 4748 1073 4808 ah
1088 4747 1153 4827 ipso
1167 4747 1311 4826 Augusto.
1340 4744 1395 4807 Dio
1410 4746 1461 4819 51,
1484 4743 1525 4804 22
1548 4744 1598 4824 (ci.
1614 4763 1639 4806 c.
1659 4746 1699 4807 17

338 4855 425 4930 extr.)
452 4852 516 4914 loco
542 4859 691 4933 praeterea
720 4851 860 4913 mendoso
883 4860 983 4913 narrat
1001 4850 1167 4930 Augustum
1189 4859 1259 4931 post
1280 4849 1467 4930 triumphum
1490 4868 1519 4910 u.
1535 4867 1560 4910 c.
1578 4847 1638 4910 725
1661 4869 1700 4911 ex
