3812 5580
361 378 423 443 182
760 372 809 427 DE
828 371 1054 428 ITERATIONE
1073 372 1317 430 Lucamottvm

360 555 482 617 minatio
510 563 589 616 reete
617 553 719 614 abesse
742 561 870 633 nequeat
897 571 992 633 neque
1015 553 1060 615 bis
1087 553 1233 634 pluriesve
1254 557 1437 636 praefectura
1460 555 1557 635 aliqua
1579 557 1716 617 functum

358 661 570 741 praefecturam
594 655 680 717 liceat
700 656 796 717 dicere
811 657 948 746 iterasse.
992 656 1156 738 Adsumpta
1179 657 1424 720 determinatione
1445 659 1586 738 praesceti
1598 659 1720 738 februm

359 761 498 834 officium,
522 760 547 822 si
569 758 687 840 quidem
712 760 919 832 estolidum,
943 760 1127 822 iterationem
1151 780 1236 841 saepe
1259 760 1439 841 adscriptum
1468 761 1565 824 babet.
1610 762 1719 824 Contra

358 873 404 926 est
424 864 455 926 iu
477 867 624 945 praelecto
639 862 769 924 cohortis
792 862 1004 944 similibusque,
1029 872 1061 925 ut
1083 882 1120 924 ne
1142 863 1167 924 is
1189 864 1318 944 quidem,
1348 864 1399 945 qui
1425 865 1510 926 aliam
1537 873 1606 945 post
1632 864 1717 926 aliam

358 968 509 1029 cohortem
538 967 626 1040 rexit,
657 966 770 1028 dicatur
795 967 960 1046 praesectam
982 965 1103 1028 colorus
1125 967 1180 1038 bia,
1203 967 1253 1028 sed
1276 967 1441 1030 cohortium
1466 967 1584 1029 nomina
1606 968 1720 1029 adscri-

357 1071 467 1132 bantur
488 1069 642 1132 iteratione
664 1089 725 1131 nou
747 1069 867 1142 adiecta,
890 1068 947 1130 nisi
970 1069 1048 1148 quod
1072 1069 1274 1150 exceptionem
1297 1069 1366 1130 lacit
1389 1069 1493 1130 titulus
1514 1068 1719 1131 Nomentanus

359 1173 462 1254 (Orell.
479 1171 569 1251 208):
588 1174 687 1253 praes.
704 1173 762 1234 cub.
778 1193 817 1232 111
834 1175 1055 1253 capillaciorum,
1075 1173 1172 1252 praes.
1188 1172 1247 1234 rob.
1264 1177 1368 1234 aterum
1391 1190 1417 1230 11
1434 1172 1580 1234 Asturum.
1596 1206 1637 1215 —
1653 1171 1719 1233 Non

358 1275 451 1354 magis
474 1275 556 1337 locus
572 1284 618 1337 est
631 1275 780 1337 iterationi
795 1275 826 1337 in
841 1273 1107 1356 procurationibus.
1123 1309 1165 1319 -
1180 1275 1214 1336 ln
1230 1273 1453 1336 centurionibus
1468 1273 1633 1352 legionariis
1648 1293 1717 1336 cum

358 1396 390 1439 re
405 1377 520 1440 iteratio
535 1396 627 1459 paene
642 1379 770 1458 legitima
786 1378 884 1444 luerit.
900 1377 964 1439 eius
976 1377 1107 1439 numeris
1119 1396 1272 1457 expressae
1284 1395 1380 1456 neque
1391 1377 1426 1438 ad
1438 1376 1582 1456 legionem
1594 1378 1718 1438 eandem

357 1480 464 1543 relatae
479 1480 576 1561 (euius
597 1481 729 1562 exempla
752 1483 822 1544 item
846 1500 910 1543 rara
933 1481 1087 1561 composui
1102 1481 1175 1562 Eph.
1192 1481 1282 1562 epigr.
1299 1481 1318 1540 4
1338 1499 1367 1561 p.
1384 1479 1459 1558 236)
1483 1498 1576 1541 unum
1600 1489 1717 1542 tautum

358 1584 525 1664 exemplum
549 1582 623 1644 mibi
648 1592 766 1665 praesto
794 1592 839 1645 est
861 1582 907 1663 (C.
922 1583 957 1656 Χ,
981 1583 1078 1644 3733;
1106 1589 1232 1646 ceutum'o
1253 1605 1281 1644 ιι
1302 1583 1353 1663 lep.
1374 1604 1413 1644 ιιι
1432 1582 1599 1662 Cyrenaicae
1625 1593 1651 1644 et
1680 1603 1722 1644 ru

361 1685 447 1761 Clu).
468 1718 511 1730 -
533 1686 713 1748 Tribunatus
736 1685 871 1748 militaris
894 1695 927 1747 ut
949 1694 1042 1748 aetate
1064 1685 1170 1747 liberae
1191 1685 1234 1748 rei
1249 1684 1382 1767 publicae
1398 1683 1583 1746 iterationem
1597 1683 1718 1746 sollem-

359 1787 436 1848 niter
468 1787 597 1850 admittit
628 1788 791 1868 legionibus
825 1788 936 1850 scilicet
967 1807 1028 1849 non
1063 1790 1238 1862 enuntiatis,
1271 1788 1312 1849 ita
1344 1787 1370 1848 is
1404 1807 1476 1849 usus
1509 1787 1597 1848 etiam
1624 1794 1719 1848 aetate

359 1889 546 1970 imperatoria
575 1889 758 1970 aliquatenus
793 1891 901 1954 mansit
934 1892 978 1971 (C.
995 1891 1030 1964 ΙΙ,
1047 1889 1141 1953 2029.
1163 1892 1213 1965 lll,
1230 1890 1301 1953 646.
1324 1890 1357 1964 V,
1373 1891 1424 1952 49.
1448 1888 1717 1962 5834.1x‚3522.

359 1991 666 2054 scandentium.
690 1994 796 2071 3964).
835 1995 893 2057 Sed
915 1995 1000 2074 louge
1022 1995 1204 2073 frequentius
1227 1995 1375 2074 legionum
1399 1993 1519 2056 uomina
1540 1993 1718 2065 adiciuntur,

358 2094 437 2174 quod
463 2094 513 2156 ubi
542 2096 588 2169 tit,
617 2114 737 2176 perraro
762 2097 878 2158 iteratio
905 2096 1085 2176 significatur
1118 2097 1161 2173 (G.
1182 2098 1230 2171 lll,
1251 2096 1344 2158 2078.
1367 2096 1402 2170 x,
1420 2093 1519 2170 82413
1551 2097 1581 2157 iu
1614 2096 1717 2156 eadem

358 2196 471 2276 legione
493 2197 524 2258 G.
540 2197 572 2272 v,
596 2195 703 2260 aaut?
732 2200 781 2272 tx,
805 2200 911 2279 5838).
