3798 5584
311 388 353 452 56
913 384 966 452 111,
988 387 1055 440 1-e

310 584 378 627 rum
408 584 467 628 non
498 565 559 627 sint
583 565 638 627 nisi
670 565 801 647 ipsorum
831 564 964 645 equiturn
987 564 1092 638 duces,
1122 567 1266 629 desinon
1289 577 1395 649 potest,
1421 566 1493 648 quin
1516 569 1603 631 etiarn
1626 570 1662 632 ad

311 669 421 732 sericos
443 669 484 730 illi
506 669 653 751 principes
675 668 891 749 quodammodo
917 669 1115 750 pertinuerint
1141 681 1171 733 et
1196 670 1275 732 inter
1300 690 1350 732 eos
1377 673 1565 752 potissimum
1588 674 1662 736 emi·
1706 713 1709 720 .

311 773 440 834 nuerint.
484 772 584 853 Neque
611 772 674 836 eius
697 772 910 836 coniunctionis
930 782 1102 853 argumenta
1125 772 1273 846 deliciunt,
1296 784 1374 837 recte
1397 776 1537 857 explicata
1554 797 1571 838 a
1586 777 1662 838 ldar-

311 875 446 956 quardtio
468 875 550 954 (bist.
566 895 611 956 eq.
626 897 654 958 p.
672 877 734 951 76).
778 876 820 938 lta
843 875 969 940 Zonaras
991 876 1036 938 vel
1058 876 1156 959 potius
1178 876 1231 940 nio
1253 878 1317 940 loco
1343 879 1430 942 modo
1452 881 1548 943 adlato
1568 880 1665 960 iungit

312 980 507 1061 principatum
536 977 698 1042 iuventutis
727 989 757 1042 et
785 979 942 1042 seviratum
973 988 1100 1056 turmae3
1128 981 1168 1043 ita
1195 980 1232 1041 ld.
1248 981 1398 1044 Aurelium
1420 984 1572 1046 Caesarem
1595 1002 1663 1046 cum

312 1082 365 1144 Dio
388 1085 438 1156 71,
462 1082 501 1144 35
529 1083 637 1146 scribat
660 1091 808 1162 tamquam
831 1083 993 1165 prinoipem
1016 1084 1161 1164 equestris
1183 1083 1294 1147 ordinis
1317 1082 1508 1169 (πρόκριτον
1528 1087 1584 1169 τῆς
1607 1083 1665 1149 irr-

313 1182 434 1267 πάδος)
456 1205 525 1248 cum
548 1185 668 1267 reliquis
690 1185 837 1266 equitibus
860 1205 998 1268 pompam
1021 1187 1149 1262 duxisse,
1172 1188 1350 1270 biographus
1372 1189 1436 1252 eius
1457 1191 1519 1252 cd
1542 1190 1664 1252 eandem

312 1290 375 1352 sine
398 1289 487 1352 dubio
509 1308 572 1352 rem
596 1290 638 1351 sic
659 1290 743 1351 effert
758 1289 885 1353 sevirum
908 1310 975 1354 eum
999 1300 1129 1354 creatum
1152 1311 1217 1354 esse
1240 1291 1347 1354 turmis
1366 1291 1500 1372 equitum
1515 1292 1665 1354 Romano-

313 1413 390 1456 rum.
429 1393 526 1467 Quare
547 1393 693 1475 principes
715 1392 876 1456 iuventutis
898 1393 1000 1456 aetatis
1022 1395 1226 1476 imperatoriae
1248 1394 1438 1476 probabiliter
1458 1401 1628 1476 repetentur
1650 1415 1666 1458 a

315 1497 417 1560 seviris
439 1497 496 1560 illis
518 1496 770 1579 vetustissimis1).
807 1495 928 1577 Equites
951 1506 1048 1560 autem
1071 1497 1194 1560 Romani
1218 1498 1370 1562 turmatim
1390 1498 1516 1562 ordinati
1532 1498 1668 1561 ridentur

316 1602 408 1665 fuisse
436 1601 617 1682 singulisque
644 1600 750 1664 turmis
772 1619 897 1663 numero
919 1601 1128 1683 quinquaginta
1150 1610 1290 1682 quattuor
1311 1603 1473 1684 praefuisse
1494 1603 1668 1667 decuriones

315 1705 390 1768 terni
416 1714 446 1767 et
472 1705 606 1786 optiones
631 1705 720 1778 terni,
748 1704 800 1785 qui
826 1712 898 1767 sunt
922 1704 979 1786 ipsi
1006 1704 1049 1766 itti
1074 1703 1161 1766 seriri
1189 1715 1227 1782 tv.
1248 1705 1317 1768 bist.
1337 1706 1422 1769 Rom.
1445 1725 1526 1769 meae
1552 1707 1609 1770 rol.
1631 1709 1668 1768 1ἴ

316 1829 344 1891 p.
362 1808 451 1887 786);
480 1807 556 1870 unde
584 1807 633 1888 qui
663 1807 978 1872 honorificentissimus
1005 1809 1087 1871 locus
1114 1817 1176 1870 crat
1205 1808 1236 1870 in
1265 1809 1368 1871 ordine
1396 1809 1525 1890 equestri
1555 1811 1668 1890 primae

319 1921 433 1973 turmae
465 1911 553 1974 trium
584 1911 787 1986 decurionum,
810 1931 879 1974 eum
902 1911 1037 1975 ridentur
1058 1931 1216 1994 occupasse
1238 1913 1327 1976 Gaius
1350 1921 1380 1975 et
1400 1912 1669 1976 Lucius.Caesares

316 2014 478 2095 reliquique
507 2015 653 2098 principes
682 2014 851 2079 iuventutis.
900 2015 973 2078 Nam
1003 2017 1101 2098 plures
1130 2015 1219 2078 simul
1242 2016 1388 2099 principes
1420 2015 1582 2080 iuventutis
1603 2035 1670 2078 esse

315 2118 446 2200 potuisse
468 2119 672 2182 demonstrant
693 2127 753 2182 tam
775 2119 831 2200 ipsi
853 2119 889 2181 de
911 2119 1018 2199 quibus
1033 2120 1146 2200 agimus
1162 2139 1250 2200 quarn
1266 2131 1367 2203 postea
1381 2120 1544 2202 imperante
1558 2119 1670 2200 Vespa·

316 2224 399 2284 siano
422 2222 559 2284 Caesares
581 2222 665 2285 'litus
687 2230 718 2284 et
738 2222 932 2286 Domitianus.
972 2223 1076 2286 Fuisse
1097 2233 1197 2287 autem
1220 2243 1270 2286 eos
1292 2225 1317 2286 si
1339 2243 1398 2286 non
1423 2233 1492 2298 tres,
1514 2232 1612 2286 umen
1634 2242 1671 2286 ex

318 2325 423 2399 tribus,
447 2325 577 2388 ostendit
598 2326 724 2409 scriptor
744 2326 820 2391 ritae
835 2326 988 2390 Commodi
1003 2347 1028 2389 c.
1046 2329 1081 2389 1:
1104 2339 1248 2410 cooptatus
1262 2338 1302 2392 est
1317 2332 1391 2393 sister
1405 2338 1462 2390 tres
1475 2327 1549 2390 soloe
1563 2327 1670 2406 (immo

318 2667 365 2718 que
383 2652 527 2704 iuventutis
546 2665 603 2704 esse
626 2651 756 2705 desineret
779 2668 884 2704 neeesse
907 2661 974 2718 erat3
998 2653 1072 2721 idque
1095 2668 1157 2705 vera
1180 2653 1218 2705 ita
1235 2653 1354 2705 evenisse
1377 2653 1447 2704 clare
1465 2655 1579 2706 ostendit
1595 2669 1673 2705 arcus

317 2741 464 2793 'l'iciuensia
483 2741 519 2805 (C.
532 2741 563 2793 V.
582 2739 660 2806 6116)
677 2741 808 2792 dedicatus
831 2738 896 2792 Gaio
918 2747 945 2792 et
962 2739 1042 2793 Lucio
1066 2748 1247 2807 postmortem
1264 2741 1397 2806 utriusque
1417 2747 1444 2792 et
1462 2756 1511 2791 uon
1529 2741 1611 2806 illum,
1629 2741 1672 2808 qni

319 2829 385 2880 diem
407 2825 509 2880 functus
527 2834 567 2879 est
585 2827 738 2890 consularis,
756 2827 801 2879 aed
818 2827 884 2878 bunc
897 2826 987 2888 solum,
1005 2826 1048 2892 qui
1061 2841 1138 2892 eques
1149 2824 1274 2876 Romanus
1288 2826 1361 2888 obiit,
1380 2825 1518 2893 principem
1530 2826 1674 2878 iuventutis

318 2913 456 2980 appellans.
496 2913 566 2980 Quod
589 2922 763 2979 argumentum
781 2914 903 2981 quomodo
922 2910 1093 2977 subterfugiat
1111 2911 1231 2976 lioebius‚
1249 2909 1347 2963 referre
1367 2912 1528 2979 supersedeo.
1556 2911 1674 2963 Affersns

319 3007 401 3050 antem
420 3000 511 3051 titulos
530 3017 578 3052 non
597 3016 699 3068 paucos,
717 3001 760 3069 qui
777 3001 806 3051 C.
818 2998 922 3051 Caesari
940 2998 1016 3050 etiarn
1035 3007 1093 3066 post
1109 3001 1229 3050 bonorem
1248 2999 1454 3064 proconsularem
1472 2998 1588 3064 adeptum
1602 2997 1672 3064 prin-

319 3086 428 3153 cipatum
448 3087 591 3139 iuventutis
608 3087 763 3150 adscribunt,
782 3094 809 3138 et
826 3086 860 3136 iis
878 3086 1030 3137 seutentiam
1049 3085 1121 3137 illam
1139 3091 1211 3136 ratus
1228 3081 1326 3150 refelli,
1349 3099 1403 3135 rem
1421 3085 1453 3135 de
1471 3099 1518 3150 qua
1537 3084 1621 3149 agitur
1640 3099 1673 3136 na

319 3173 360 3223 bic
378 3173 476 3238 quidem
489 3173 626 3240 perspexit.
655 3172 719 3225 Nam
731 3175 841 3224 bonores
859 3173 936 3225 etiarn
955 3171 1085 3240 depositos
1097 3171 1169 3224 tituli
1188 3171 1267 3235 vulgo
1281 3170 1413 3222 enuntiant
1431 3185 1511 3237 neque
1523 3171 1590 3236 inde,
1607 3170 1673 3237 qood

319 3258 457 3324 principem
480 3257 624 3310 iuventutis
651 3274 706 3311 eum
733 3267 924 3326 postmortem
951 3258 1094 3327 appellant,
1120 3259 1174 3309 ullo
1200 3257 1273 3309 modo
1301 3255 1413 3309 elicitur
1440 3271 1495 3308 eum
1521 3257 1673 3308 morientem

320 3359 376 3395 euru
394 3345 477 3396 locum
500 3344 655 3410 obtinuisse,
680 3353 708 3397 ut
731 3360 787 3396 eum
805 3345 933 3398 consulem
951 3345 1107 3413 appellantes
1126 3361 1174 3396 uon
1193 3345 1273 3408 magis
1292 3350 1386 3408 negant
1403 3341 1498 3394 obiisse
1516 3350 1575 3409 post
1591 3340 1674 3394 fasces

321 3431 460 3497 depositos.
501 3431 550 3481 Sed
579 3431 673 3497 equitis
702 3430 809 3484 bomani
837 3431 954 3484 condicio
983 3433 1031 3483 boc
1058 3433 1188 3498 proprium
1214 3429 1304 3494 babet,
1330 3429 1395 3496 quod
1425 3429 1467 3495 qui
1496 3443 1528 3482 ex
1559 3430 1675 3496 equestri

322 3518 410 3568 ordine
428 3517 458 3569 ad
478 3518 634 3569 senatorium
652 3526 838 3584 pervenerunt,
855 3519 898 3585 qui
916 3518 1010 3570 solitus
1029 3526 1069 3570 est
1087 3519 1208 3570 bonorum
1227 3518 1290 3568 ordo
1308 3519 1374 3583 apud
1390 3515 1531 3581 Romanos,
1549 3531 1598 3566 nuo
1616 3516 1674 3567 solo

322 3603 439 3670 exemplo
458 3611 563 3671 excepto
582 3604 619 3666 (C.
632 3603 675 3668 Vl,
690 3604 766 3672 1421)
784 3605 877 3671 equitis
895 3603 1000 3657 bomani
1021 3603 1144 3655 vocabolo
1163 3603 1293 3655 abstinent
1309 3617 1388 3670 nequa
1406 3603 1490 3655 cursui
1508 3602 1629 3653 bonorum
1646 3603 1675 3653 id

321 3691 446 3742 inserunt.
482 3689 508 3741 ld
534 3691 616 3756 ipsum
638 3691 770 3744 severiora
792 3691 850 3756 lege
876 3691 952 3742 etiam
975 3690 1008 3742 ad
1029 3691 1197 3758 principatum
1220 3691 1363 3742 iuventutis
1385 3689 1540 3757 pertinuisse
1558 3704 1590 3740 ex
1612 3704 1675 3740 arcu

321 3777 452 3828 Ticinensi
470 3776 635 3842 intellegitur
646 3793 727 3845 neque
738 3778 797 3830 iude
809 3776 863 3828 ullo
875 3777 948 3828 modo
961 3774 1119 3839 infringitur,
1136 3775 1201 3843 quod
1213 3793 1292 3844 prona
1304 3776 1416 3828 adulatio
1429 3783 1456 3828 et
1468 3776 1601 3827 remissior
1613 3791 1675 3827 usus

323 3872 421 3915 mature
443 3871 585 3930 equestrem
607 3863 776 3930 principatum
797 3865 828 3915 ab
846 3863 936 3915 ordina
954 3865 1076 3916 bonorum
1094 3862 1184 3916 abesse
1203 3863 1294 3915 noluit.
1328 3861 1476 3915 Posteriora
1494 3869 1577 3913 aetate
1595 3863 1676 3929 ipsam

322 3951 402 4014 legem
425 3949 496 4001 illam
520 3949 694 4002 oblitteratam
718 3964 775 4003 esse
798 3957 826 4002 et
851 3949 1018 4018 principatum
1042 3951 1184 4001 iuventutis
1206 3949 1262 4014 geri
1285 3965 1334 4001 noa
1357 3949 1465 4001 desitum
1484 3956 1541 4015 post
1558 3948 1677 4016 adeptum

322 4037 405 4088 locum
423 4037 579 4089 senatorium
598 4036 705 4104 primum
722 4036 749 4088 in
769 4037 913 4088 Domitiano
932 4043 1037 4104 apparet
1055 4043 1081 4086 et
1099 4035 1216 4102 deinceps
1234 4035 1336 4087 mansit.

422 4123 445 4187 ¹)
468 4121 517 4188 Qui
538 4123 600 4174 base
620 4121 671 4174 sibi
694 4137 773 4188 nuper
796 4122 929 4176 refutanda
951 4123 1059 4190 sumpsit
1081 4122 1148 4174 idem
1166 4119 1277 4174 liocbius
1295 4122 1314 4174 f.
1332 4139 1354 4174 e.
1368 4138 1392 4189 p.
1406 4123 1437 4174 10
1454 4137 1506 4190 aeq.
1524 4122 1677 4174 sententiam

323 4225 401 4261 meam
424 4215 595 4261 utaverteret
618 4209 757 4276 pervertit:
780 4225 859 4277 neque
886 4211 952 4260 cuim
974 4210 1022 4259 boe
1043 4209 1096 4261 diui
1119 4209 1223 4260 eundem
1247 4223 1304 4260 esse
1326 4209 1439 4260 sevirum
1457 4209 1567 4276 equitum
1586 4209 1678 4261 Rorna-

323 4312 411 4348 norum
433 4303 458 4348 et
479 4296 617 4364 principem
637 4295 794 4361 iuventutis,
819 4296 863 4348 sed
883 4296 1043 4348 coniunctum
1067 4293 1146 4347 fuisse
1168 4302 1301 4361 utrumqne
1326 4295 1455 4347 bonorem.
1494 4293 1601 4346 Scilicet
1621 4311 1678 4347 cum

325 4384 407 4435 seviri
430 4389 581 4450 praeessent
597 4382 680 4434 ordini
699 4384 828 4449 equestri,
851 4383 969 4449 princeps
986 4389 1070 4433 autern
1089 4381 1228 4433 iuventutis
1247 4381 1306 4432 item
1325 4380 1430 4448 primum
1447 4381 1531 4433 locum
1549 4381 1680 4433 obtineret

324 4469 393 4519 iuter
417 4468 514 4519 nobiles
537 4466 662 4520 Romanos
686 4469 793 4521 nondum
816 4468 916 4521 senatui
943 4469 1099 4536 adscriptos,
1130 4467 1277 4519 necessario
1301 4468 1419 4535 sequitur
1443 4467 1547 4518 eundem
1572 4467 1679 4534 primum

325 4553 409 4606 locum
428 4555 496 4605 inter
514 4555 615 4608 saviros
634 4555 790 4618 obtinuisse,
809 4554 883 4621 idque
901 4553 981 4621 ipsum
1000 4554 1051 4604 loci
1071 4569 1147 4621 supra
1164 4554 1240 4606 allati
1259 4553 1333 4621 plane
1350 4552 1507 4617 confirmant,
1526 4553 1678 4621 praesertim

326 4639 459 4692 secundus.
496 4639 561 4692 Nam
583 4641 700 4708 princeps
724 4641 866 4692 iuventutis
884 4640 939 4691 sive
957 4630 1103 4712 πρόκριτος
1120 4639 1167 4702 τῆς
1183 4631 1309 4705 νεότητος
1328 4647 1354 4690 et
1371 4639 1441 4691 sevir
1459 4640 1571 4707 equitum
1587 4639 1681 4691 Roma-

326 4743 428 4792 uomnr,
449 4727 515 4779 alias
538 4727 614 4780 llicni
631 4727 775 4795 appellatus
792 4723 944 4798 φύλαρχος,
960 4735 1048 4794 aperte
1065 4726 1102 4778 ibi
1120 4726 1280 4790 coaluerunt,
1301 4731 1330 4776 ut
1347 4726 1385 4777 ita
1402 4724 1519 4791 prodiret
1535 4717 1682 4799 πρόκριτος

323 4817 370 4880 τῆς
387 4804 516 4873 ἱππάδος.
