3796 5588
277 627 444 700 5‚1mare
500 627 602 708 paraui
659 647 675 689 a
733 628 928 708 praedonibus
984 675 1271 691 ..........
1327 631 1463 694 domibus

383 728 445 790 suis
505 776 669 791 ......
732 740 833 794 eontm
891 751 953 795 rem
1015 778 1588 796 ...................

300 1038 328 1112 6,
346 1058 354 1099 t
384 1037 460 1117 regis
493 1039 665 1119 parthorum
701 1087 1588 1104 .............................

346 1161 359 1201 s
385 1161 401 1203 a
432 1161 479 1204 me
517 1151 647 1222 gentes.
672 1191 679 1205 .
704 1191 711 1204 .
735 1191 742 1206 .
766 1145 884 1208 morum
907 1153 937 1207 et
966 1145 1122 1208 medorum
1146 1191 1588 1208 ...............

328 1263 355 1306 ra
382 1245 412 1307 in
451 1247 604 1310 consulatu
638 1293 1587 1310 ...............................

630 1621 665 1683 11.
701 1622 964 1687 cossommtvu
985 1622 1200 1686 uxuuPtvu.

337 1759 437 1822 Daniel
452 1761 564 1823 Cossun
586 1771 732 1824 mercator
752 1761 871 1824 rabone
887 1762 1012 1824 Bamvus
1028 1760 1114 1824 Leida
1130 1760 1282 1835 oriundus,
1305 1761 1482 1842 permultos
1497 1780 1589 1824 anuos

237 1863 379 1943 Smyrnae
402 1864 508 1943 degens
531 1863 630 1944 ibique
652 1883 677 1926 a.
702 1863 783 1927 1689
805 1864 978 1927 interiectus
1000 1883 1016 1926 a
1038 1863 1149 1946 piratis,
1173 1863 1249 1926 tituli
1270 1863 1414 1944 drepani
1436 1882 1589 1945 compara·

235 1967 278 2027 vit
300 1967 354 2028 sihi
377 1966 562 2048 exemplum,
585 1968 662 2048 quod
685 1987 701 2030 a
723 1988 782 2047 quo
804 1976 958 2050 exceptum
982 1968 1030 2042 sit,
1052 1967 1219 2048 ignoratum
1247 1966 1312 2047 ipse
1333 1967 1413 2029 enim
1435 1985 1496 2030 nou
1518 1967 1590 2030 adiit

234 2071 378 2150 Aneyram
402 2071 441 2150 (v.
465 2071 630 2135 Gronovius
658 2071 733 2134 libro
760 2090 829 2133 mox
851 2070 968 2133 citando
990 2091 1018 2152 p.
1035 2070 1098 2151 35).
1144 2071 1175 2132 ld
1197 2071 1275 2132 inter
1296 2071 1413 2133 schedia
1436 2071 1499 2134 eius
1522 2082 1589 2153 pust

234 2173 349 2235 obitum
373 2184 523 2254 repertum
554 2174 676 2237 edididit
697 2175 818 2238 lacobus
841 2175 1005 2237 Gronovius
1034 2174 1065 2236 in
1086 2179 1224 2237 monerio
1248 2173 1422 2238 Cosconiana
1444 2175 1504 2237 sive
1526 2175 1588 2238 llo-

234 2277 318 2339 uielis
342 2276 470 2340 eoscos·
488 2283 547 2341 vito
570 2278 720 2358 (Lugduni
735 2279 797 2340 Bat.
816 2278 906 2340 1695.
930 2279 959 2338 4.
981 2297 1028 2359 pp.
1046 2278 1119 2354 159)
1143 2297 1171 2358 p.
1189 2277 1323 2340 57-68.
1359 2278 1492 2341 Alterum
1516 2297 1588 2360 apo·

234 2379 378 2460 graphum
409 2383 524 2462 repperi
546 2381 641 2460 llagae
669 2384 746 2444 inter
773 2382 894 2444 schedas
916 2383 1036 2462 Cuperi,
1065 2382 1121 2443 hoe
1151 2381 1276 2444 aramme
1299 2391 1450 2462 praestans
1472 2383 1588 2444 Grono-

233 2483 334 2556 viano,
363 2485 441 2564 quod
469 2484 509 2545 ihi
539 2495 713 2565 separantur
736 2503 838 2546 versus
866 2503 882 2546 a
905 2485 1052 2547 Gronovio
1079 2484 1251 2547 continuati.
1295 2484 1328 2546 ln
1358 2487 1436 2548 varia
1463 2486 1587 2549 lectione

233 2587 355 2649 alterius
385 2585 482 2649 utrius
511 2588 637 2668 exempli
666 2606 774 2650 naevus
802 2587 964 2668 singulares
991 2597 1020 2650 et
1046 2607 1081 2649 ex
1109 2588 1201 2650 altero
1228 2588 1362 2669 exemplo
1390 2588 1588 2652 emendandos

233 2689 408 2771 plerumque
430 2689 528 2753 omisi.
571 2689 745 2772 Exemplum
769 2692 982 2755 Caesonianum
1010 2709 1188 2771 quamquam
1211 2691 1332 2753 minime
1355 2692 1466 2754 bonurn
1490 2701 1588 2755 tamen

234 2803 363 2874 praestat
382 2793 602 2875 anhequian03
625 2813 693 2857 nam
717 2805 747 2857 et
769 2815 843 2876 quae
865 2796 895 2858 in
918 2797 975 2858 boc
996 2804 1105 2869 estam,
1128 2796 1158 2857 in
1181 2795 1361 2858 Gossoniauo
1384 2795 1530 2858 hahentur
1551 2799 1587 2860 ad

234 2897 359 2979 lapidem
383 2898 550 2972 emendata,
573 2908 604 2959 et
624 2897 792 2960 adiciuntur
814 2908 912 2978 partes
934 2899 989 2960 hae
1012 2901 1045 2972 1,
1062 2898 1176 2960 5—27.
1199 2900 1235 2973 4,
1248 2897 1383 2961 30-33.
1400 2899 1434 2974 5,
1450 2898 1586 2961 29-47.

234 3000 368 3080 Repetite
390 3009 462 3063 suut
483 3001 678 3065 additamenta
701 3001 879 3064 Cossoniana
900 3001 930 3063 in
954 3001 1085 3083 eorporis
1108 3001 1276 3065 Gruteriani
1298 3001 1426 3064 editione
1447 3003 1585 3065 secunda.

564 3273 613 3334 111.
646 3273 1017 3336 TOVRNGFORTIANVM
1038 3273 1254 3336 ExnuPLvu.

333 3413 387 3474 los.
409 3411 509 3474 Pitton
532 3412 567 3474 de
588 3412 768 3475 Toumefort
789 3413 860 3474 dum
884 3415 967 3476 iussu
990 3412 1067 3494 regis
1089 3412 1229 3475 Ludorici
1247 3411 1312 3474 xlv
1334 3411 1477 3475 orientem
1500 3432 1586 3495 pera-

232 3524 311 3595 grat,
339 3533 364 3576 a.
382 3515 461 3576 1701
485 3516 631 3597 Ancyram
658 3515 729 3578 adiit
754 3515 880 3596 indeque
908 3516 1021 3579 rettulit
1043 3515 1246 3578 commentarii
1268 3515 1390 3579 huiusce
1418 3517 1584 3598 exemplum

231 3619 272 3680 ita
294 3621 419 3692 lactum,
449 3626 483 3680 ut
504 3619 545 3681 ait
566 3619 643 3700 apud
666 3619 855 3682 Edmundum
879 3620 1011 3682 Chisbull
1034 3620 1077 3697 (in
1098 3618 1324 3700 antiquitatibus
1345 3619 1478 3681 Asiaticis
1500 3619 1585 3682 editis

232 3721 370 3784 Londinii
394 3721 475 3784 1728
497 3741 526 3804 p.
546 3722 633 3802 171),
663 3732 696 3785 ut
718 3723 852 3785 versiculi
874 3722 1035 3796 versiculis,
1059 3722 1178 3784 lacunae
1199 3722 1321 3796 lacunis,
1345 3722 1478 3786 mutilata
1498 3723 1585 3786 verha

231 3825 374 3888 mutilatis
407 3827 632 3907 responderent,
665 3825 753 3906 idque
783 3827 884 3888 eodem
914 3845 991 3889 anno
1020 3835 1145 3888 exeunte
1168 3826 1309 3907 Smyrnae
1334 3825 1494 3888 Chishullio
1524 3834 1585 3888 tra·

232 3927 305 3990 didit
327 3927 404 4009 typis
426 3929 452 3990 si
473 3929 621 3991 rideretur
642 3929 797 4010 aliquando
819 3930 1024 4010 evulgandum.
1054 3930 1119 4010 lpse
1141 3929 1184 3992 ait
1202 3929 1233 3992 in
1249 3931 1382 4011 epistula,
1405 3948 1493 4010 quam
1508 3929 1586 3993 inter

231 4031 442 4094 schediasmata
464 4032 528 4094 eius
543 4032 675 4095 Parisino
698 4033 828 4114 repperit
844 4033 1015 4106 Schoenius,
1038 4032 1145 4114 scripta
1168 4035 1187 4096 d
1206 4033 1262 4095 Mr.
1279 4035 1304 4095 lo
1322 4037 1447 4114 prouder
1460 4033 1585 4096 mdddcin

232 4134 374 4216 Smyrnae
401 4137 429 4198 d.
453 4136 482 4197 6.
504 4136 565 4198 lan.
592 4136 689 4211 1702,
722 4137 908 4218 hncpanum
941 4137 998 4198 iter
1030 4155 1187 4198 enarrans:
1221 4136 1251 4198 lu
1282 4138 1326 4197 uie
1355 4135 1388 4197 de
1418 4135 1585 4217 l'empereur

231 4237 353 4318 Aoptute
374 4249 415 4300 est
436 4241 518 4301 e'erite
539 4259 592 4301 sor
613 4239 653 4302 les
674 4239 824 4303 maroelles
846 4242 885 4303 du
904 4258 1032 4322 manuos
1047 4239 1116 4302 d'un
1132 4241 1232 4321 tuopte
1255 4239 1287 4302 de
1303 4241 1432 4310 murdre,
1456 4240 1523 4302 dont
1545 4241 1585 4304 les

230 4345 330 4404 mrbus
351 4351 414 4404 sord
436 4341 614 4415 tumbellam
638 4343 702 4422 feo
723 4361 761 4422 oy
783 4344 860 4424 copt'd
885 4363 913 4406 ce
935 4364 989 4426 que
1011 4345 1036 4406 le
1058 4355 1145 4424 temps
1168 4362 1186 4404 o
1208 4345 1341 4424 dporpnt.
1378 4343 1411 4405 ln
1434 4343 1583 4406 itinerario

230 4444 308 4506 edito
330 4445 465 4520 (relation
487 4444 556 4508 d'uo
570 4465 675 4528 voyage
698 4445 737 4508 du
751 4445 866 4510 neam.
883 4448 964 4530 Lpon
982 4447 1063 4509 1717
1078 4447 1134 4509 vol.
1151 4446 1170 4508 3
1194 4468 1222 4529 p.
1239 4447 1314 4526 317)
1329 4446 1431 4509 aedem
1447 4447 1585 4508 describit

230 4557 259 4609 et
291 4557 407 4629 portam
439 4559 640 4631 repraesentat
660 4569 726 4613 aere
759 4570 927 4632 expressam
972 4551 1050 4631 (vide
1084 4569 1172 4631 supra
1204 4571 1232 4632 p.
1255 4551 1325 4630 mr),
1360 4549 1581 4630 inscriptionem

229 4652 339 4714 addens
373 4653 479 4716 editam
513 4673 577 4716 esse
609 4656 687 4736 apud
719 4655 878 4717 Gruterum
911 4663 941 4716 et
974 4653 1162 4716 Gronovium.
1211 4653 1363 4716 Praeterea
1390 4653 1421 4715 in
1450 4653 1583 4733 exemplo

229 4754 388 4818 memoriae
410 4755 606 4820 Gossonianae
636 4757 692 4820 lae.
715 4759 868 4833 Gronovii,
898 4756 976 4839 quod
1007 4757 1063 4820 luit
1085 4755 1153 4818 olim
1178 4755 1357 4837 Spanbemii,
1380 4773 1461 4818 nunc
1481 4763 1528 4818 est
1552 4755 1584 4816 in

229 4859 404 4922 bibliotheca
432 4861 510 4940 regia
533 4862 713 4925 Berolinensi
741 4862 797 4942 (Ph
813 4862 925 4941 6917),
949 4860 1133 4924 monumenti
1154 4859 1298 4941 Ancyrani
1320 4858 1454 4939 exemplo
1476 4857 1583 4919 Cosso-
