3798 5584
765 459 817 527 111,
836 460 942 516 35-39
1485 461 1525 526 73

180 676 265 732 ruma
286 657 317 718 in
338 676 396 737 quo
418 675 543 719 numero
565 655 692 737 legiones
714 655 850 718 Varianae
866 675 969 719 omncs
990 659 1120 719 luerunt.
1156 655 1256 737 Neque
1280 666 1425 738 postrema
1441 675 1528 720 caum

180 761 268 824 cladis
290 760 428 823 Varianae
451 761 521 823 baec
542 759 598 823 luit
620 760 780 822 Germanos
801 779 865 822 rem
887 760 1023 822 babuisse
1045 779 1113 822 cnm
1135 759 1265 822 exercitu
1289 761 1418 822 tironum
1428 759 1462 840 ¹).

280 864 327 925 lM.
360 865 439 925 Inter
467 864 603 944 legiones,
633 882 707 943 quae
734 862 1023 943 comprehenduntur
1050 863 1183 925 numeris
1210 882 1225 924 a
1254 863 1350 943 primo
1384 863 1419 925 ad
1453 864 1529 926 duo-

181 967 337 1042 decimum,
364 967 565 1048 reperiuntur,
595 976 628 1030 ut
649 965 723 1039 dini,
752 985 1004 1046 quarumcumque
1031 966 1172 1028 memoria
1200 976 1336 1047 superest
1361 985 1439 1029 anno
1467 968 1528 1030 759

180 1071 337 1151 antiquior.
387 1070 503 1133 Scilicet
531 1090 605 1151 quae
631 1070 759 1150 legiones
787 1070 925 1133 vocabula
956 1070 1227 1152 adsumpserunta
1258 1070 1345 1132 rebus
1369 1079 1527 1133 antaeum

180 1193 289 1235 annum
305 1173 394 1253 gestis
409 1173 504 1248 ducta,
527 1175 652 1236 manime
667 1173 875 1248 Macedonicae,
891 1173 961 1235 itenr
976 1172 1132 1248 trecensis,
1150 1176 1272 1236 fortasse
1287 1174 1374 1236 etiam
1390 1173 1528 1255 Hispana,

180 1277 311 1340 numeris
338 1276 394 1339 illis
424 1277 587 1340 minoribus
616 1278 913 1359 comprehenduntur.
963 1277 1036 1339 ltem
1066 1277 1095 1339 in
1123 1295 1157 1338 eo
1187 1295 1311 1339 numero
1338 1276 1530 1339 inveniuntur

180 1399 380 1461 quaecumque
402 1380 592 1443 nominantur
613 1381 643 1443 in
663 1381 795 1444 nummis
811 1381 990 1443 coloniarum
1006 1382 1041 1444 ab
1056 1381 1187 1461 Augusto
1203 1381 1392 1443 deductarum
1409 1380 1529 1460 signatis

180 1485 342 1564 imperante
364 1501 408 1557 eo,
431 1502 505 1562 quac
528 1493 598 1546 sunt
619 1484 703 1546 tertia
725 1484 824 1546 nescio
846 1503 921 1564 quae
942 1504 977 1546 ex
1000 1485 1094 1546 tribus
1116 1484 1147 1545 in
1168 1485 1298 1547 nummis
1313 1483 1529 1558 Accitanorum‚

179 1596 282 1667 quarta
304 1585 334 1648 in
357 1585 639 1667 Caesaraugustanis
662 1587 764 1667 quinta
786 1587 969 1650 Macedonica
991 1588 1021 1649 in
1037 1586 1253 1670 Berytensibns,
1275 1587 1388 1668 quinta,
1411 1587 1529 1650 alaudae

180 1689 292 1770 opinor,
316 1689 347 1751 in
369 1689 601 1753 Emeritensibus
624 1701 654 1754 et
673 1689 920 1765 Cordubensibus,
949 1701 1097 1754 sextarum
1125 1693 1214 1754 altera
1243 1699 1308 1753 utra
1331 1691 1361 1753 in
1384 1690 1530 1755 Ruscino-

178 1792 320 1854 nensibus
344 1801 373 1854 et
388 1791 672 1873 Caesaraugustanis,
694 1803 794 1856 octava
816 1793 1078 1876 innerytensibus,
1101 1795 1280 1858 decimarum
1302 1796 1391 1857 altera
1413 1803 1479 1858 utra
1499 1796 1530 1858 in

278 2039 300 2105 ¹)
323 2038 390 2090 Maec
408 2053 470 2104 qnae
488 2038 610 2105 proposui
635 2039 685 2090 etsi
703 2040 907 2091 coniecturarum
924 2039 1047 2092 terminos
1066 2056 1115 2090 nou
1134 2040 1257 2091 excedere
1277 2041 1352 2106 probe
1370 2039 1439 2106 seio,
1458 2040 1530 2092 nullo

178 2125 250 2176 modo
269 2125 396 2176 infirmata
414 2129 474 2174 sunt
491 2123 525 2175 iis
543 2139 607 2190 quae
625 2132 715 2177 contra
734 2140 764 2177 ea
782 2127 890 2192 protulit
913 2126 1020 2179 Carolus
1037 2125 1133 2177 llobert
1150 2141 1197 2177 sur
1214 2125 1249 2176 lca
1267 2125 1364 2192 le'ga'ona
1383 2125 1531 2193 d'Auguaia
1605 2179 1606 2182 ,

180 2211 307 2279 (Comptea
324 2209 418 2262 caedua
435 2207 464 2260 da
481 2209 639 2261 l’Aeoddmie
658 2212 703 2263 dea
718 2215 879 2280 inscriptions
891 2214 907 2264 l
920 2229 943 2264 a.
958 2212 1022 2266 1868
1036 2229 1057 2280 p.
1071 2212 1209 2275 tit-tot).
1243 2211 1309 2262 belli
1321 2211 1423 2280 Mlyriei
1442 2212 1531 2278 gravi-

179 2305 257 2349 tatem
275 2312 330 2349 eum
348 2297 452 2348 elevare
469 2304 585 2362 conatur,
603 2313 652 2348 uon
671 2298 753 2349 solnm
771 2313 834 2365 quae
853 2299 884 2350 de
897 2300 972 2350 rebus
984 2297 1168 2362 gestistradita
1180 2297 1299 2350 babemus
1311 2299 1474 2351 considerare
1487 2300 1530 2350 de·

179 2384 243 2447 buit,
261 2385 306 2435 sed
324 2383 384 2434 item
402 2384 467 2450 quod
485 2391 590 2450 propter
603 2383 628 2434 id
641 2383 735 2436 bellum
749 2382 900 2435 Germaniae
912 2386 937 2436 in
951 2386 1100 2452 provinciae
1112 2383 1217 2436 lormam
1230 2385 1382 2450 redigendae
1395 2385 1531 2438 consilium

180 2470 310 2535 Augustus
333 2468 428 2521 abiecit
451 2485 497 2520 nee
514 2469 545 2520 ad
564 2469 590 2520 id
608 2485 752 2536 quamquam
771 2471 856 2522 victor
875 2472 961 2536 rediit,
988 2477 1015 2523 et
1032 2471 1097 2538 quod
1116 2471 1213 2523 nullum
1235 2472 1315 2523 totius
1343 2472 1415 2524 illius
1437 2473 1531 2524 aetatis

179 2555 273 2606 belluna
291 2562 389 2606 tanturn
415 2563 541 2608 terrorem
560 2557 697 2610 universae
715 2556 804 2608 ltaliae
823 2557 925 2622 iniecit,
945 2574 992 2625 qua
1010 2559 1041 2609 de
1059 2573 1088 2609 re
1106 2573 1169 2624 quae
1186 2559 1329 2625 accepimus
1348 2557 1532 2610 dubitationem

180 2642 274 2693 nullam
292 2641 437 2694 admittunt.
468 2641 531 2695 Nam
550 2643 686 2695 dilectnnm
704 2643 769 2694 ratio
787 2643 818 2694 ab
842 2644 897 2710 ipsa
920 2643 982 2694 belli
1004 2645 1031 2695 vi
1052 2643 1133 2695 miuus
1154 2645 1246 2711 pendet
1266 2660 1338 2711 quam
1359 2661 1374 2695 a
1396 2643 1530 2696 formidine

179 2726 259 2778 subiti
282 2729 414 2794 tumultus.
449 2728 567 2781 Ceterum
586 2731 716 2794 Augustus
734 2728 845 2782 fortasse
862 2745 912 2780 non
930 2737 981 2781 tatu
1000 2737 1104 2797 propter
1122 2729 1276 2781 rebellantes
1294 2728 1438 2783 Pannonios
1456 2745 1531 2782 exer·

180 2814 255 2864 citum
279 2815 353 2864 anxit
377 2829 447 2882 quam
466 2831 495 2866 ea
514 2815 657 2868 rebellione
676 2831 736 2867 usus
755 2823 808 2879 est,
832 2824 862 2868 ut
879 2817 1005 2880 ingratam
1023 2831 1075 2867 reru
1092 2815 1190 2868 Italicis
1207 2815 1349 2868 bominibus
1367 2816 1488 2883 probaret
1505 2822 1532 2867 at

180 2899 287 2950 consilia
301 2898 360 2950 olim
375 2907 463 2966 coepta
474 2909 599 2968 tamquam
612 2902 766 2954 necessitate
779 2910 882 2954 coactns
895 2909 1073 2968 exequeretur.
1102 2900 1185 2953 Multo
1197 2903 1280 2954 miuus
1294 2901 1397 2969 probari
1410 2909 1532 2969 potarunt

180 2983 438 3052 argumenta,'quibus
449 2985 575 3038 liebertus
589 2985 690 3039 efficere
703 2988 801 3039 studuit
813 2987 940 3052 legionum
953 3002 1082 3038 nnmerum
1094 2987 1240 3039 duodecimo
1252 2989 1374 3040 maiorem
1385 2988 1531 3040 habentium

181 3073 298 3138 quasdam
315 3079 374 3123 ante
393 3073 486 3125 bellurn
503 3071 635 3139 Illyricum
653 3074 852 3125 commemorari.
878 3072 942 3125 Nam
961 3082 1089 3142 postquam
1108 3073 1179 3126 tituli
1191 3071 1329 3126 Patreuses
1347 3075 1420 3126 nobis
1437 3074 1533 3126 milites

181 3157 304 3210 dederunt
321 3165 372 3208 tam
391 3175 405 3208 x
423 3159 533 3224 legionis
552 3174 622 3226 quam
642 3174 682 3223 xri,
702 3158 746 3210 vix
766 3159 912 3212 invenietur
929 3160 971 3226 qni
985 3166 1057 3211 nous
1071 3160 1214 3211 numerales
1226 3175 1243 3209 x
1256 3175 1291 3211 an
1308 3160 1335 3211 in
1348 3160 1404 3211 eius
1416 3161 1533 3212 coloniae

182 3244 287 3296 nummis
311 3245 342 3294 ad
364 3244 474 3310 aquilam
497 3244 665 3310 legionariam
689 3246 832 3312 adscriptas
855 3245 885 3297 de
904 3246 1004 3310 legione
1023 3245 1146 3308 vigesima
1164 3247 1274 3298 secunda
1292 3245 1410 3313 accipiat.
1445 3245 1532 3312 Neque

182 3338 328 3398 propterca,
355 3331 420 3396 quod
443 3330 510 3397 legio
532 3347 561 3383 ux
584 3333 611 3382 iu
628 3331 734 3399 illyrico
752 3347 775 3382 a.
794 3331 843 3382 tou
861 3329 966 3383 fortiter
982 3319 1113 3399 pugnavit,
1132 3347 1180 3382 nou
1199 3333 1283 3399 potuit
1300 3332 1428 3384 conscribi
1446 3333 1533 3384 eodem

181 3432 259 3482 anao;
278 3417 355 3468 etiam
373 3418 404 3468 ad
422 3418 566 3469 Betriacum
584 3418 650 3480 legio
668 3418 782 3468 tironum
800 3415 883 3468 ‘ferox
900 3423 926 3468 et
944 3418 1004 3468 novi
1022 3417 1124 3470 decoris
1143 3417 1224 3470 avida’
1242 3426 1389 3470 veteranam
1401 3418 1533 3486 splendide

181 3502 290 3566 devicit,
312 3503 458 3571 similiaque
476 3504 569 3571 passim
587 3510 765 3555 memorantur.
801 3505 855 3557 Nec
877 3519 966 3556 uerum
990 3510 1030 3554 est
1051 3501 1115 3556 lelix
1137 3505 1184 3556 boe
1206 3505 1330 3571 proelium
1348 3505 1380 3555 ad
1398 3504 1454 3570 ipsa
1471 3503 1533 3556 belli

181 3589 285 3641 exordia
309 3590 477 3655 pertinuisse,
501 3605 556 3641 cnm
579 3597 645 3642 teste
664 3589 745 3640 Dione
764 3589 804 3656 55,
824 3590 856 3642 30
873 3590 1027 3642 Messalinus
1050 3591 1157 3658 primum
1174 3606 1189 3642 a
1206 3590 1301 3641 llatoue
1319 3591 1404 3642 victus
1422 3591 1533 3642 secundo

182 3676 279 3743 proelio
297 3677 415 3742 superior
433 3678 543 3740 abierit3
561 3692 633 3744 quam
652 3677 682 3726 ob
700 3691 754 3726 reus
772 3677 822 3728 etsi
835 3677 935 3728 Velleio
948 3678 1080 3728 credemus
1092 3678 1174 3745 prima
1186 3677 1249 3728 belli
1262 3683 1361 3728 aestate
1375 3676 1533 3728 commissum

120 3817 123 3822 ,
182 3778 245 3824 esse,
264 3761 349 3814 subita
368 3762 475 3815 rebellio
494 3777 566 3830 quam
584 3763 645 3814 item
663 3771 787 3815 memorat
803 3771 849 3816 ant
866 3764 896 3813 ad
915 3761 1013 3814 locatos
1032 3763 1174 3815 adulatoris
1194 3763 1295 3814 colores
1314 3763 1428 3830 pertinet
1439 3769 1484 3815 aut
1497 3764 1534 3813 in-

182 3851 328 3915 teMegeuda
350 3857 390 3901 est
410 3852 441 3901 de
462 3851 563 3902 vicibus
588 3850 651 3902 belli
669 3851 855 3916 posterioribus
872 3849 1030 3901 renascentis
1048 3856 1107 3915 post
1124 3849 1218 3915 quietis
1237 3849 1411 3900 intervallum.
1446 3849 1534 3916 Itaque

182 3937 246 3988 nibil
259 3937 351 4002 obstat,
371 3937 501 4004 quominus
523 3937 587 3988 bauo
611 3937 736 4002 legionem
759 3945 900 3989 statuemus
924 3952 953 3987 eo
977 3937 1033 4003 ipso
1052 3950 1116 3986 anuo
1135 3933 1254 3986 initalia
1272 3934 1440 4004 conscriptam
1460 3936 1534 3988 sami·

182 4024 278 4091 plenam
308 4023 438 4074 etiamtum
461 4021 507 4074 sub
530 4021 670 4074 Messalino
688 4039 809 4090 prospere
836 4024 864 4074 in
880 4022 986 4090 lMyrico
1004 4035 1137 4088 pugnasse.
1152 4049 1185 4058 -
1206 4021 1343 4087 Legionem
1366 4022 1456 4074 deinde
1479 4038 1534 4073 ann

181 4110 304 4174 geminam
321 4109 440 4160 Martiam
458 4108 592 4160 victricem
610 4115 670 4160 ante
683 4107 820 4162 liebertum
838 4124 909 4161 nemo
929 4109 1019 4175 opinor
1037 4109 1156 4159 inventus
1175 4109 1275 4175 estqui
1294 4105 1462 4160 confunderet
1479 4124 1534 4159 eum

181 4196 280 4260 legione
298 4195 393 4247 Martia
411 4195 481 4246 dicta
498 4209 602 4246 numero
621 4202 725 4246 carente
743 4197 837 4247 aetatis
849 4194 1039 4258 Ciceronianae,
1058 4209 1113 4244 cum
1131 4193 1280 4260 praesertim
1297 4195 1466 4261 antiquissimi
1479 4195 1534 4262 qui·

181 4298 228 4348 que
239 4281 312 4334 illius
324 4282 395 4333 tituli
412 4288 463 4332 mm
476 4279 618 4332 llritaauici
630 4295 702 4346 quam
716 4280 860 4332 Germanici
872 4279 1024 4347 (composuit
1037 4295 1080 4331 eos
1093 4279 1169 4330 Stille
1181 4281 1241 4332 bist.
1255 4281 1381 4346 legionum
1393 4298 1416 4348 p.
1427 4283 1535 4350 etseq.)

181 4369 237 4419 solo
256 4368 371 4430 geminae
390 4365 514 4419 vocabulo
533 4371 638 4416 utantur
657 4381 737 4432 neque
756 4367 864 4418 Martiae
883 4381 1017 4430 cognomen
1030 4366 1111 4416 adbuc
1124 4365 1254 4418 inventum
1267 4366 1373 4420 sitente
1388 4383 1410 4418 a.
1423 4385 1447 4436 p.
1461 4367 1488 4419 (Ξ.
1501 4371 1534 4421 66
1547 4410 1550 4415 .

182 4456 294 4519 (Menneu
313 4455 390 4517 bibl)
408 4453 559 4504 attributum
577 4453 688 4504 fortasse
702 4453 726 4505 ei
738 4460 843 4521 propter
855 4451 990 4503 victoriam
1003 4451 1175 4502 britannicam
1187 4468 1209 4502 a.
1224 4453 1265 4504 62,
1282 4480 1315 4490 —-
1330 4454 1444 4521 lienique
1456 4455 1534 4519 gemi-

181 4558 225 4593 uas
238 4540 353 4606 legiones
365 4539 429 4608 quod
441 4539 478 4591 ait
491 4538 617 4590 liebertus
630 4537 672 4604 (el.
687 4540 825 4591 llrnmbacb
838 4538 865 4590 C.
879 4538 895 4589 Ι.
909 4537 954 4589 bb.
968 4536 1045 4604 prael.
1059 4555 1082 4604 p.
1094 4551 1114 4592 x
1126 4539 1192 4602 adu.)
1206 4539 1328 4592 eiusmodi
1340 4541 1437 4593 dilectu
1450 4541 1535 4592 nullas

181 4627 283 4680 institui
300 4626 413 4693 potuisse
431 4632 518 4693 utpote
538 4626 575 4676 aie
593 4625 733 4691 appellatas
750 4633 874 4691 tamqnam
893 4639 925 4675 ex
943 4623 1011 4676 binis
1030 4622 1120 4688 laetas,
1138 4639 1200 4690 quae
1219 4625 1337 4677 vocabuli
1355 4628 1534 4695 interpretatio

180 4713 242 4766 alibi
261 4713 345 4764 locum
362 4713 440 4764 babet
457 4710 560 4775 (Caesar
578 4713 602 4764 b.
620 4729 641 4764 e.
661 4711 686 4776 3,
698 4713 728 4776 43
745 4712 793 4763 llio
812 4713 852 4777 55,
866 4711 923 4776 23),
944 4718 1028 4763 tamen
1054 4701 1168 4776 geminas
1192 4713 1254 4762 duas
1276 4728 1317 4764 narr
1340 4721 1367 4765 et
1389 4729 1441 4764 xrru
1460 4714 1534 4779 louge

182 4799 341 4866 probabilius
363 4805 403 4849 est
421 4813 509 4849 nomen
527 4797 586 4849 inde
604 4799 732 4861 traxisse,
759 4799 823 4863 quod
850 4798 924 4848 simul
948 4803 1022 4849 natae
1046 4803 1072 4848 et
1096 4796 1220 4849 formatae
1237 4805 1311 4862 suat3
1338 4803 1443 4866 propter
1470 4799 1535 4865 quod

181 4901 224 4937 eas
243 4902 292 4936 nou
310 4886 392 4935 minus
411 4890 481 4936 reete
499 4885 611 4948 geminas
628 4884 752 4952 appellari
770 4885 883 4952 potuisse
901 4899 971 4936 nemo
991 4885 1082 4951 opinor
1099 4884 1209 4948 negabit
