3812 5580
817 425 851 495 V,
869 428 975 484 36-38
1508 437 1568 502 121

383 607 520 669 duumvir
537 606 675 669 inventus
690 614 736 669 est
751 605 967 688 (Friedlaender
981 608 1058 689 apud
1075 607 1215 671 Salletum
1229 616 1363 674 omnr'cm.
1378 614 1537 695 Zeitsehn'ft
1551 614 1570 677 6

383 730 412 791 p.
427 709 488 791 13),
504 710 534 772 id
548 709 627 792 quod
641 709 794 792 proprium
810 718 855 774 est
869 711 1049 774 coloniarum
1069 731 1086 774 a
1102 713 1223 776 Caesare
1237 722 1321 795 patre
1335 716 1570 781 constitutarum.

319 813 476 896 Aegyptus.

320 915 458 998 Cyrenae.

218 1019 262 1082 hd
284 1031 381 1101 partes
403 1021 519 1104 imperii
542 1029 604 1084 tum
628 1020 684 1083 suh
704 1021 823 1102 regibus
841 1023 1014 1085 constitutas
1029 1021 1193 1098 Thraciam,
1216 1025 1434 1106 Cappadociam,
1456 1027 1572 1091 Maure-

218 1124 344 1200 taniam,
374 1125 446 1189 item
473 1127 505 1188 in
532 1125 666 1188 libertate
695 1126 870 1189 constitutas
899 1125 1016 1208 Lyciam
1043 1136 1073 1188 et
1094 1126 1310 1210 Pamphyliam,
1340 1130 1370 1192 id
1391 1131 1488 1212 ipsum
1511 1151 1569 1195 non

217 1228 360 1309 pervenit,
383 1247 450 1292 eum
474 1230 509 1291 de
530 1227 567 1291 iis
589 1228 724 1312 princeps
747 1229 868 1292 omnino
889 1229 1011 1293 verbum
1035 1249 1096 1292 non
1117 1231 1219 1306 faciat3
1241 1231 1272 1294 in
1294 1233 1472 1298 Mauretania
1493 1245 1571 1298 certe

217 1340 248 1394 et
262 1331 436 1395 Cantennam
459 1341 489 1396 et
503 1333 686 1414 Tupusuctu,
710 1352 834 1414 quarum
857 1351 944 1414 supra
967 1333 1166 1410 meminimus,
1189 1344 1220 1398 et
1240 1336 1309 1398 alias
1330 1338 1458 1401 colonias
1472 1337 1571 1419 plures

172 1523 181 1536 ι
217 1435 367 1517 Augustus
389 1435 543 1500 constituit
565 1436 747 1518 (llarquardt
768 1437 787 1499 l.
810 1457 836 1499 c.
858 1455 887 1519 p.
903 1435 988 1514 487).

239 1740 304 1784 aar.
319 1723 348 1796 5,
365 1738 391 1784 aa
407 1740 433 1784 ss
459 1720 541 1784 ltalia
562 1729 661 1782 autem
684 1736 786 1778 nrm
804 1719 968 1801 [oololnilda
991 1739 1066 1800 quae
1089 1721 1153 1782 vivo
1175 1739 1220 1783 me
1241 1723 1439 1786 celeberrimae
1460 1732 1491 1787 et
1511 1728 1571 1788 tre·

406 1843 434 1887 sa
460 1823 669 1905 quentissimae
691 1825 819 1896 fuerunt,
845 1824 927 1900 melos
948 1825 1077 1904 οοομίοίο)
1098 1821 1102 1906 )
1121 1823 1260 1886 deductas
1282 1823 1399 1910 hehet!

217 1947 263 1990 aa.
275 1927 323 2002 15,
337 1945 398 1990 aona
408 1944 437 1990 aa
461 1924 596 2004 ἸτοιΙλία
618 1923 656 1988 dd
678 1927 784 1989 εἴκοσι
808 1919 890 1990 ὀκτώ
906 1921 1065 2000 ἀποικίας
1080 1924 1146 2006 ἔχει
1161 1918 1216 1990 aia'
1232 1926 1313 2011 ἐμοῦ
1328 1933 1569 2016 κατοχθείμας,

460 2033 500 2092 al
519 2027 600 2113 ἐμοῦ
623 2026 796 2111 περιόντος
819 2025 1036 2113 πληθῦοοσω
1059 2027 1267 2114 deduxerum!

216 2161 250 2224 ln
279 2163 337 2226 fine
363 2181 390 2222 v.
407 2161 447 2223 37
474 2161 545 2242 quid
572 2158 714 2240 scriptum
741 2159 844 2235 luerit,
870 2179 931 2222 non
959 2161 1059 2242 liquet.
1102 2161 1164 2241 Ego
1189 2163 1327 2226 dederam
1354 2165 1571 2248 [duodetripiato

218 2285 238 2328 o
264 2267 319 2345 me]
346 2267 493 2341 deductos,
522 2262 735 2326 llirschieldius
763 2265 792 2342 [ο
821 2283 865 2327 me
892 2265 1044 2346 ampliatos
1070 2266 1129 2343 out]
1156 2266 1304 2342 deductos,
1332 2268 1474 2350 Bergldus
1502 2271 1571 2348 [meo

214 2373 295 2432 lusce
315 2379 340 2432 ot
354 2369 479 2448 troadae]
494 2370 642 2442 deductam
663 2366 694 2430 in
710 2367 803 2449 lapide
818 2387 976 2432 numerum
992 2368 1050 2430 iam
1065 2376 1181 2432 constat
1194 2369 1234 2432 ihi
1249 2391 1323 2447 esse,
1339 2372 1389 2435 uhi
1405 2392 1452 2436 res
1466 2383 1571 2454 postu·

215 2473 256 2536 lat
270 2473 504 2554 oollocarantque
524 2473 590 2535 iure
611 2470 753 2551 Bergkius
775 2479 805 2534 et
826 2471 1054 2546 lhrschleldius,
1084 2481 1151 2552 post
1171 2476 1294 2555 fumat
1315 2485 1413 2539 autem
1436 2488 1572 2559 superest

216 2595 261 2640 me
287 2575 490 2639 deficientibus
517 2573 624 2638 litteris
650 2573 766 2637 circiter
792 2574 957 2638 duodecim.
1000 2574 1162 2638 Difficultas
1190 2597 1225 2640 eo
1252 2588 1375 2659 augetur
1396 2582 1476 2661 quod
1497 2600 1570 2644 con·

216 2701 322 2745 sensus
343 2681 421 2744 inter
434 2681 578 2743 Graecum
593 2685 755 2741 vertentem
772 2673 827 2740 ὑπ’
849 2675 931 2762 ἐμοῦ
952 2686 983 2742 et
997 2679 1172 2742 Suetonium
1189 2682 1272 2763 (hug.
1289 2683 1345 2746 46:
1367 2683 1484 2747 ltaliam
1499 2685 1571 2748 duo-

217 2786 368 2866 detn'ps'oto
389 2785 566 2848 rotomorum
587 2799 707 2844 numero
730 2783 917 2846 deductorum
939 2783 975 2846 oh
997 2803 1025 2846 se
1045 2784 1250 2864 frequentent)
1273 2785 1336 2847 sine
1350 2786 1440 2849 dubio
1455 2806 1490 2850 ex
1505 2788 1569 2869 ipso

214 2887 310 2951 indice
337 2889 514 2971 pendentem
541 2886 689 2969 postulare
717 2884 846 2961 videtur,
874 2895 908 2950 ut
934 2885 982 2949 hic
1010 2905 1072 2948 non
1101 2885 1179 2948 aliud
1208 2888 1297 2950 luerit
1322 2889 1379 2952 nisi
1408 2891 1456 2953 cui
1483 2891 1570 2953 verba

214 3013 234 3056 o
254 3013 299 3056 aee
321 3002 400 3056 recte
422 3001 451 3056 et
473 2991 557 3074 plene
578 2989 785 3070 respondeant.
816 2990 913 3065 Quare
933 2995 1002 3054 mes'a
1016 2993 1149 3072 auspicia
1163 3009 1272 3071 ponere
1288 2993 1378 3055 malui
1392 3013 1481 3075 quam
1497 3013 1570 3076 sup·

213 3096 396 3179 plementum
418 3093 612 3176 Berglsianum
642 3113 696 3174 per
724 3113 756 3156 se
783 3095 947 3176 optimnm3
973 3113 1043 3157 nam
1069 3092 1197 3156 colonias
1218 3093 1254 3156 ah
1276 3094 1408 3176 Augusto
1430 3095 1569 3158 deductas

214 3219 315 3264 rerum
343 3209 388 3264 est
415 3219 518 3263 omnes
546 3208 597 3262 aut
617 3197 705 3260 lulias
733 3198 824 3261 dictas
846 3198 936 3262 luisse
958 3207 1011 3262 aut
1031 3198 1186 3278 Augustas.
1230 3197 1336 3261 Videor
1357 3199 1429 3262 adeo
1450 3199 1481 3262 in
1504 3201 1569 3280 ipso

214 3313 316 3387 actypo
338 3312 499 3367 extremam
522 3321 625 3366 versus
647 3301 774 3364 litteram
797 3322 812 3365 s
835 3303 908 3366 mihi
930 3301 1158 3384 deprehendisse
1179 3311 1341 3382 separatam
1365 3323 1381 3366 a
1404 3324 1449 3366 ms
1467 3303 1568 3365 decem

214 3408 378 3472 litteramm
400 3407 566 3482 intervall03
595 3424 659 3468 eam
682 3413 781 3468 tamen
804 3425 892 3488 supra
915 3425 1024 3488 ponere
1045 3405 1141 3480 nolui,
1164 3405 1304 3485 quoniam
1326 3426 1386 3471 non
1409 3415 1569 3470 enatarunt

214 3513 266 3592 qui
286 3512 386 3593 ipsum
408 3511 535 3593 lapidem
557 3508 703 3572 videromt

313 3615 452 3690 Quaestio
479 3615 552 3678 haec
577 3623 612 3678 ut
637 3613 668 3675 in
691 3613 788 3677 verbis
810 3613 987 3689 continetur,
1010 3613 1051 3676 ita
1073 3613 1158 3693 longe
1180 3611 1342 3693 graviorem
1365 3613 1453 3677 etad
1474 3612 1568 3693 ipsam

213 3737 276 3781 rem
304 3719 500 3800 pertinentem
523 3736 557 3781 ea
580 3726 698 3780 movent
719 3717 788 3780 licet
809 3736 862 3798 per
884 3737 915 3780 se
938 3716 1171 3799 simplicissima,
1201 3717 1312 3780 scilicet
1333 3716 1404 3798 quid
1426 3716 1570 3796 significet

214 3821 360 3905 princeps,
382 3823 433 3886 uhi
454 3822 587 3904 loquitur
600 3821 637 3882 de
651 3820 732 3882 ltalia
747 3820 827 3883 etde
842 3821 964 3883 coloniis
979 3840 996 3883 a
1011 3839 1042 3882 se
1058 3820 1200 3883 deductis.
1237 3821 1300 3896 Qua
1316 3821 1351 3884 de
1365 3840 1398 3884 re
1412 3829 1568 3902 postquam

214 3945 308 4014 nuper
330 3927 396 3990 data
417 3944 505 4009 opera
527 3923 673 4006 disputavi
694 3924 823 3986 colonias
845 3925 943 3987 ltaliae
964 3942 1122 3987 recensens
1144 3925 1283 3988 deductas
1304 3945 1320 3987 a
1344 3923 1423 3988 Sulla
1445 3924 1481 3986 ad
1496 3923 1568 3985 Ves-

213 4029 366 4109 pasianum
390 4029 528 4107 (llermae
542 4029 598 4091 vol.
623 4027 663 4091 18
678 4047 706 4111 p.
726 4029 783 4090 161
801 4047 871 4109 seq,
897 4029 1067 4111 praesertim
1083 4048 1113 4109 p.
1133 4029 1215 4109 186),
1238 4029 1287 4092 hic
1301 4048 1375 4110 quae
1390 4028 1432 4090 ihi
1447 4026 1568 4110 exposui

214 4133 315 4212 paucis
336 4142 476 4215 repetam.

311 4236 422 4300 ltaliam
445 4235 574 4317 intellegi
595 4255 612 4298 a
633 4235 764 4317 principe
786 4255 861 4312 eam,
884 4255 958 4317 quae
980 4245 1044 4300 tum
1067 4236 1124 4299 luit
1145 4256 1213 4300 cum
1230 4237 1357 4318 scripsit,
1379 4236 1409 4298 id
1424 4243 1471 4298 est
1485 4253 1567 4298 eom-

213 4338 388 4418 prehensam
410 4340 487 4402 inter
501 4339 609 4401 Varum
632 4348 662 4401 et
676 4339 801 4416 Arsiam,
814 4358 894 4415 ,sane
916 4358 976 4402 non
998 4343 1075 4403 foret
1096 4341 1147 4421 qui
1168 4343 1200 4404 in
1215 4341 1427 4404 dubitationem
1442 4347 1567 4416 voearet,

212 4441 268 4506 nisi
291 4451 390 4506 essent
410 4443 541 4506 coloniae
563 4443 686 4524 Augusti
708 4453 803 4506 certae
825 4453 856 4506 et
877 4442 990 4505 nobiles
1012 4443 1187 4524 illyricanae.
1225 4444 1299 4508 Nam
1314 4445 1457 4507 Emonam
1481 4447 1519 4521 (r.
1536 4441 1567 4504 C.

211 4544 233 4606 l.
249 4545 282 4608 L.
298 4547 337 4609 lIl
358 4559 386 4629 p.
402 4546 478 4626 489)
499 4546 531 4609 ἰο
554 4547 668 4630 illyrico
689 4547 843 4622 interiore,
871 4547 903 4608 in
926 4547 1075 4628 superiore
1097 4546 1180 4610 lader
1202 4549 1242 4629 (r.
1258 4547 1289 4610 C.
1306 4549 1328 4609 l.
1344 4548 1376 4609 L.
1393 4547 1433 4608 ΠΙ
1447 4566 1475 4627 p.
1492 4545 1567 4627 374)

212 4659 241 4712 et
261 4651 382 4716 Salonas
406 4651 440 4734 (l.
460 4671 485 4713 c.
505 4671 534 4732 p.
551 4651 645 4736 304),
674 4655 799 4716 tortasse
828 4652 916 4715 etiam
937 4653 1116 4733 Epidaurum
1138 4651 1170 4734 (l.
1186 4671 1211 4714 c.
1227 4671 1255 4733 p.
1272 4650 1348 4732 287)
1370 4659 1400 4712 et
1420 4649 1567 4713 Naronam

212 4754 243 4834 (l.
259 4775 284 4817 c.
300 4775 329 4836 p.
345 4755 420 4837 291)
449 4755 569 4818 colonos
600 4775 668 4818 eum
696 4756 810 4820 misisse
840 4766 893 4820 aut
918 4765 1030 4819 certum
1062 4766 1108 4820 est
1128 4765 1179 4818 aut
1201 4765 1281 4818 certo
1304 4755 1486 4836 proximum,
1513 4773 1568 4820 nec

189 4839 401 4922 'continentur
422 4855 553 4922 coioniae
574 4859 741 4941 illyricanae
763 4861 857 4941 eapite
878 4859 1023 4942 proximo,
1045 4879 1104 4940 quo
1125 4858 1222 4939 agitur
1241 4857 1277 4919 de
1297 4856 1419 4920 coloniis
1434 4855 1567 4918 deductis
