3798 5584
369 455 411 518 64
749 493 752 500 ,
951 446 1005 515 ΠΙ,
1024 447 1130 504 22-28

368 631 504 711 adempto
527 629 654 712 pretium
677 628 725 690 vix
745 629 866 702 iustum,
889 627 1005 709 aliquod
1022 637 1119 690 tamen
1135 626 1281 690 veteribus
1297 625 1516 708 possessoribus
1531 628 1720 708 persolveret

369 733 540 797 Pervenisse
561 732 709 813 impensas
731 730 766 792 ad
790 731 905 794 sexiens
920 730 1037 794 miliens
1051 732 1114 813 ipsc
1129 731 1248 806 scribit3
1271 749 1338 794 cave
1358 739 1456 793 autem
1472 731 1577 794 collato
1593 731 1721 795 militum

369 847 583 910 veteranorum,
606 834 657 915 qui
680 833 857 917 triumphale
879 834 1060 916 congiarium
1084 845 1268 916 acceperunt,
1289 854 1415 898 numero
1437 855 1492 898 cxx
1516 835 1629 898 milium
1654 835 1722 898 inde

368 943 476 1004 allicias
498 939 589 1002 veteri
610 937 772 1020 possessori
794 957 847 1021 pro
869 939 992 1019 singulis
1014 939 1260 1020 possessionibus,
1282 959 1358 1020 quae
1377 941 1578 1004 adimerentur
1592 951 1622 1003 et
1637 939 1722 1004 militi

368 1043 600 1124 adsignarentur,
623 1042 771 1124 persoluta
793 1061 858 1104 esse
880 1042 971 1123 quina
992 1043 1071 1105 milia
1086 1043 1266 1107 sestertium.
1296 1044 1370 1108 Nam
1392 1065 1446 1107 cxx
1462 1044 1541 1108 milia
1556 1045 1721 1120 bominum,

282 1159 286 1168 ’
369 1148 477 1230 quibus
499 1148 528 1210 in
545 1167 599 1210 suo
615 1146 720 1226 cuique
736 1145 842 1228 oppido
857 1147 1069 1210 numerabatur
1083 1168 1108 1210 a.
1126 1147 1187 1211 725
1203 1149 1380 1230 triumphale
1399 1149 1590 1230 congiarium,
1613 1147 1722 1210 milites

369 1260 440 1314 sunt
454 1251 572 1314 victoris
594 1250 739 1313 exereitus
762 1269 865 1312 omncs
887 1259 1003 1332 praeter
1017 1253 1185 1334 peregrinos
1201 1271 1310 1334 eosque
1324 1253 1375 1333 qui
1390 1253 1544 1316 etiamtum
1560 1251 1616 1314 sub
1630 1251 1722 1332 signis

368 1356 528 1418 merebant.
566 1355 620 1418 llic
641 1373 710 1416 vero
731 1354 799 1417 inde
822 1354 986 1419 deducendi
1007 1366 1077 1421 sunt
1098 1356 1206 1420 milites
1222 1375 1384 1438 paucorum
1400 1356 1624 1439 stipendiorum,
1647 1374 1723 1435 quos

368 1460 421 1523 Dio
450 1459 552 1522 scribit
579 1478 638 1522 non
660 1477 763 1539 agrum
786 1459 948 1540 accepisse,
971 1459 1021 1522 sed
1044 1459 1214 1541 pecuniam;
1240 1469 1389 1540 praeterea
1411 1460 1487 1541 parti
1508 1477 1723 1542 possessorum,

369 1564 480 1627 seilicet
509 1562 546 1625 iis
573 1563 625 1644 qui
654 1563 778 1644 graviter
804 1563 1001 1636 offenderant,
1030 1563 1093 1626 sine
1116 1561 1205 1626 dubio
1227 1563 1355 1645 pretium
1378 1563 1493 1626 nullum
1516 1563 1645 1626 solutum
1668 1570 1722 1635 est,

369 1666 446 1750 parti
467 1687 522 1750 pro
543 1667 620 1748 agris
641 1666 749 1730 ltalicis
772 1666 878 1729 redditi
900 1667 1100 1747 provinciales,
1123 1677 1157 1730 ut
1179 1685 1295 1729 summa
1317 1666 1466 1748 aliquanto
1489 1665 1582 1729 maior
1603 1665 1638 1728 ad
1653 1683 1724 1745 pos-

370 1791 500 1836 sessores
522 1781 653 1835 extorres
676 1768 844 1852 pervenisse
866 1771 1007 1835 videatur.
1045 1774 1185 1854 Spectant
1206 1780 1307 1834 autem
1328 1771 1449 1832 omnino
1472 1770 1508 1832 ad
1529 1769 1606 1832 hanc
1620 1786 1725 1830 neces·

369 1877 474 1940 sariam
498 1877 581 1958 quasi
602 1874 689 1958 pretii
711 1873 889 1937 solutionem
911 1895 986 1956 quae
1001 1875 1054 1938 Dio
1076 1875 1190 1938 rettulit
1204 1875 1239 1938 de
1253 1873 1393 1955 pecuniae
1408 1892 1463 1955 pro
1477 1872 1555 1953 agris
1568 1891 1586 1936 a
1600 1871 1723 1934 Caesare

368 1979 620 2062 pemumerandae
642 1997 759 2041 summa
781 1987 812 2041 et
833 1979 1007 2042 necessitate
1029 1987 1058 2042 et
1080 1979 1260 2042 difficultate.

469 2083 680 2147 Deductionem
710 2089 917 2144 veteranorum
946 2083 1131 2146 dctiaoomm
1160 2103 1185 2145 a.
1203 2081 1265 2143 724
1292 2081 1333 2144 ita
1359 2084 1465 2144 lacum
1488 2099 1567 2154 esse,
1595 2086 1628 2142 ut
1649 2096 1725 2158 quae

370 2187 479 2269 oppida
500 2187 537 2248 iis
560 2185 759 2259 tradebantur,
782 2184 859 2248 inter
880 2186 1008 2249 colonias
1023 2186 1111 2250 lulias
1133 2187 1343 2268 redigerentur,
1367 2194 1396 2247 et
1409 2193 1544 2247 auctores
1559 2182 1726 2264 significant

369 2303 399 2356 at
419 2292 575 2356 confirmat
594 2290 658 2372 ipse
679 2289 816 2371 princeps
838 2308 873 2351 eo
895 2288 973 2368 quod
996 2288 1024 2364 3,
1050 2290 1089 2350 17
1113 2289 1290 2372 triumphale
1304 2287 1485 2370 congiarium
1501 2307 1527 2351 a.
1543 2287 1604 2349 725
1620 2285 1724 2348 scribit

369 2395 513 2478 accepisse
539 2399 571 2456 a'ra
600 2394 717 2457 colossia's
742 2391 865 2455 militum
890 2410 1009 2456 mosum
1034 2392 1190 2456 bominum
1218 2393 1333 2457 circiter
1359 2411 1413 2455 uxr
1440 2391 1536 2466 milia;
1563 2409 1631 2453 nam
1654 2408 1723 2452 eum

369 2499 415 2561 bis
437 2497 534 2560 verbis
556 2496 686 2560 veterani
708 2494 826 2558 victoris
849 2495 993 2558 exercitus
1016 2513 1119 2558 omnes
1141 2496 1437 2577 comprehendantur,
1465 2496 1533 2558 inde
1554 2494 1618 2557 iure
1641 2493 1725 2555 colli-

368 2601 447 2683 gitur
476 2601 506 2663 in
537 2597 705 2681 municipiis
731 2607 784 2662 aut
811 2597 907 2661 nullos
930 2599 1022 2662 luisse
1043 2609 1096 2662 aut
1117 2599 1156 2662 ita
1178 2617 1300 2681 paucos,
1328 2610 1362 2663 ut
1382 2609 1461 2662 recte
1483 2597 1724 2680 praeterirentur.

367 2705 495 2767 atinde
517 2723 555 2766 ne
577 2703 687 2766 ellicias
709 2701 885 2784 oppidorum
908 2721 1010 2765 eorum
1031 2711 1144 2765 veteres
1166 2703 1244 2765 cives
1260 2721 1362 2766 omnes
1378 2703 1515 2784 expulsos
1529 2721 1603 2775 esse,
1626 2700 1726 2762 obstat

369 2815 399 2870 et
421 2827 522 2870 rerum
544 2807 619 2870 ratio
641 2815 671 2868 et
686 2803 790 2886 llygini
812 2805 894 2868 loeus
916 2825 1005 2888 supra
1026 2806 1148 2880 adlatus,
1171 2805 1321 2869 declarans
1343 2807 1374 2869 in
1396 2805 1498 2869 multis
1513 2804 1627 2887 oppidis
1642 2813 1725 2866 vete-

368 2931 436 2976 rum
459 2912 566 2975 civium
589 2918 702 2992 partem
724 2909 910 2983 remansisse,
933 2918 967 2971 ut
988 2928 1062 2972 nova
1077 2909 1119 2972 rei
1133 2909 1267 2991 publicae
1280 2913 1375 2972 torma
1390 2929 1440 2972 eos
1455 2928 1573 2990 quoque
1588 2923 1725 2988 compre-

369 3017 520 3080 benderet
556 3012 642 3088 Quod
663 3021 763 3075 autem
785 3011 888 3075 scribit
901 3012 1051 3094 Augustus
1074 3013 1227 3096 pecuniam
1251 3031 1304 3096 pro
1326 3013 1403 3093 agris
1425 3012 1547 3076 solvisse
1569 3031 1601 3074 se
1623 3009 1725 3073 muni-

369 3119 468 3202 cipiis,
490 3128 570 3182 recte
591 3137 624 3180 se
645 3117 748 3192 babet;
777 3114 901 3178 dabatur
921 3117 1001 3179 enirn
1014 3118 1172 3203 ¹veteribus
1202 3117 1290 3181 rebus
1313 3115 1446 3199 publicis,
1470 3125 1503 3177 ut
1525 3114 1587 3178 suis
1609 3113 1725 3177 civibus

369 3241 422 3305 per
449 3241 513 3286 earn
543 3221 714 3295 satisfieret,
741 3219 980 3301 coloniarumque
1010 3221 1180 3285 constitutio
1206 3221 1347 3304 pecuniae
1374 3221 1521 3284 dationem
1549 3237 1609 3282 non
1636 3236 1726 3299 prae-

369 3327 467 3401 cessit,
490 3326 540 3388 sed
563 3333 663 3388 secuta
684 3333 738 3386 est.

471 3429 512 3491 lle
540 3428 630 3491 altera
657 3446 689 3490 re
711 3426 852 3490 hocloco
874 3427 980 3491 tradita
1002 3447 1094 3510 pauca
1116 3437 1230 3492 tantum
1253 3427 1375 3491 dicenda
1397 3428 1529 3491 veniunt
1573 3427 1726 3507 Augustus

370 3534 406 3598 ab
429 3553 455 3597 a.
472 3532 533 3597 738
556 3533 593 3597 ad
615 3534 675 3595 741
699 3551 767 3595 cum
789 3532 859 3595 alias
881 3551 929 3595 res
951 3551 1005 3614 per
1026 3533 1132 3596 Gallias
1155 3543 1185 3597 et
1199 3532 1352 3616 llispanias
1375 3531 1527 3604 ordinarit,
1551 3539 1615 3594 tum
1631 3527 1726 3592 Ilione

368 3759 459 3820 αὐτοῖς
475 3759 579 3815 eddam.
607 3752 701 3821 ἐπειδὴ
718 3751 771 3827 γὰρ
789 3751 839 3806 οὐκ
855 3749 997 3824 ἐξήρκεσεν
1013 3751 1030 3822 ἡ
1048 3755 1077 3809 ἐν
1093 3756 1130 3824 τῷ
1149 3753 1274 3826 δημοσίῳ
1290 3753 1329 3809 ἔτι
1340 3749 1400 3806 τότε
1412 3746 1491 3820 οὖσα,
1509 3752 1727 3824 προσοξεηρίοτο

367 3843 449 3915 ἄλλον
466 3865 495 3902 τε
512 3847 558 3899 καὶ
576 3845 653 3915 παρὰ
670 3840 835 3912 Καμπανῶν
851 3842 905 3893 τῶν
921 3841 951 3895 ἐν
966 3845 999 3914 τῇ
1016 3834 1118 3913 Καπύῃ
1137 3835 1283 3896 οἰκούντων
1300 3837 1405 3912 συχνὴν
1422 3837 1548 3912 (καὶγὰρ
1569 3834 1727 3904 inclamari

368 3929 450 3994 πόλις
466 3934 576 3988 aroma
596 3930 690 3993 idaiae)
708 3929 754 3982 aab
771 3922 865 3987 αὐτοῖς
880 3927 911 3982 τό
929 3947 957 3982 rs
974 3923 1049 4002 idasp
1066 3927 1097 3983 ed
1112 3922 1227 3982 Ἰούλιον
1245 3923 1444 3999 ὠνομασμένον
1456 3965 1462 3980 .
1475 3965 1481 3980 .
1494 3964 1502 3979 .
1515 3923 1567 3993 τήν
1586 3941 1615 3978 ae
1628 3918 1729 3997 χώραν

368 4019 418 4087 τὴν
434 4023 583 4075 Kastolos.
598 4011 776 4071 ..ematosa
803 4015 887 4069 auiae
904 4015 956 4085 μὲν
973 4010 1023 4071 οὖν
1033 4012 1146 4090 ὕστερον
1157 4015 1269 4085 ἐγένετο.
1296 4010 1729 4068 lodeeuimboctantumailieitur

369 4111 393 4160 in
413 4107 527 4170 urbibus,
546 4121 649 4173 quarum
668 4104 801 4157 territoria
820 4104 929 4157 tresviri
946 4103 1073 4156 militibus
1092 4103 1254 4156 destinabant
1271 4110 1297 4155 et
1309 4119 1414 4170 quarum
1426 4118 1440 4155 a
1453 4117 1557 4154 numero
1571 4100 1654 4168 Capua
1666 4097 1728 4162 luit,

370 4211 419 4246 non
438 4209 524 4246 omnes
541 4193 651 4244 omnium
669 4206 745 4256 agros
764 4191 872 4256 exlege
891 4191 921 4241 de
939 4205 968 4242 ea
986 4206 1015 4243 re
1033 4191 1085 4243 lata
1103 4190 1228 4258 publicari
1246 4190 1374 4258 potuisse:
1393 4189 1452 4257 qaid
1470 4188 1535 4257 quod
1553 4196 1604 4240 tan
1621 4194 1729 4255 propter

369 4282 547 4335 Caesarianam
566 4286 592 4332 at
609 4281 780 4332 Antonianum
797 4279 945 4333 colonorum
958 4277 1140 4346 Campanorum
1157 4279 1334 4330 deductionem
1353 4292 1425 4343 quam
1438 4281 1542 4343 propter
1554 4289 1630 4340 snpra
1642 4272 1728 4324 relata

368 4369 449 4420 verba
465 4367 557 4418 Diouis
575 4382 622 4416 noa
642 4365 757 4418 absimile
775 4374 818 4418 est
834 4368 892 4418 veri
905 4365 1005 4432 Capuae
1023 4365 1093 4416 solos
1105 4380 1181 4429 agros
1194 4380 1243 4416 uon
1255 4372 1331 4416 autea
1344 4364 1490 4428 adsignatos
1503 4359 1635 4413 veteranis
1647 4359 1730 4411 desti·

369 4462 441 4507 natos
469 4469 535 4506 essa.
582 4452 695 4520 lienique
722 4452 882 4506 durissimam
910 4453 993 4516 legem
1020 4466 1034 4503 a
1061 4452 1170 4504 Caesare
1199 4452 1359 4519 aliquatenus
1388 4449 1529 4514 mitigatam
1559 4461 1617 4499 essa
1648 4461 1730 4511 agro·

368 4558 423 4595 rum
441 4539 634 4592 dividendorum
653 4546 725 4607 parte
744 4547 859 4608 coempta
877 4539 952 4606 plane
968 4539 1098 4590 diversum
1110 4545 1151 4590 ast
1163 4555 1176 4590 a
1190 4540 1329 4591 substituta
1341 4534 1508 4603 publicationi
1521 4533 1669 4586 venditione
1684 4550 1730 4584 eo·

369 4633 435 4678 aeta.
471 4625 589 4677 Ceterum
607 4625 674 4691 quod
691 4634 779 4678 censet
797 4626 921 4692 llergliua
941 4627 1090 4693 emptionem
1109 4625 1180 4678 illam
1199 4627 1256 4690 agri
1274 4624 1393 4691 Campani
1411 4623 1453 4676 vel
1471 4629 1541 4674 certa
1560 4621 1637 4688 pretii
1655 4621 1732 4672 aolu-

368 4713 462 4765 tionam
481 4727 547 4763 auno
566 4711 661 4762 demum
680 4711 730 4763 724
747 4714 875 4778 ονοοίοοο,
893 4713 952 4764 inde
970 4720 1041 4765 certe
1059 4729 1108 4763 non
1126 4713 1252 4778 colligare
1269 4711 1366 4775 debuit,
1384 4710 1449 4777 quod
1467 4710 1494 4760 in
1511 4708 1614 4760 Cretam
1631 4723 1655 4758 a.
1675 4709 1729 4761 718

369 4799 474 4852 Caesari
492 4800 532 4850 ius
551 4815 599 4849 noa
617 4795 676 4864 fuit,
694 4797 790 4850 oblitus
808 4800 850 4863 agi
871 4800 919 4850 boe
937 4799 993 4850 loeo
1012 4799 1044 4851 da
1061 4799 1237 4865 adsignatione
1255 4797 1410 4851 triumvirali
1428 4804 1455 4848 at
1472 4811 1501 4847 eo
1520 4804 1632 4862 tempora
1651 4794 1727 4846 iuter

368 4888 506 4940 Antonium
524 4894 551 4938 et
568 4886 702 4938 Caesarem
719 4885 830 4952 aliquam
848 4885 929 4938 sdbne
947 4886 1108 4938 concordiam
1126 4885 1270 4938 duravisse.
