3798 5584
819 355 857 482 li,
878 416 982 471 15-18
1530 421 1571 483 41

284 613 329 654 ce.
347 595 375 668 5,
392 611 433 655 ae
462 590 569 673 Εὗχὰς
591 589 675 676 ὑπέρ
698 596 753 677 τῆς
773 592 852 678 ἐμῆς
867 597 1029 678 σωτηρίας
1045 591 1291 677 ἀναλαμβάνειν
1310 592 1314 677 Ι
1335 593 1394 658 διὰ
1407 595 1472 660 τῶν
1486 591 1574 660 άπά-

409 716 435 758 ιο
461 718 527 761 των
562 697 617 759 καλ
653 692 766 780 ἱερέων
794 697 879 760 καθ’
907 692 1047 782 ἑκάστην
1075 697 1301 780 πενῙτετηρίδα
1334 698 1525 784 ἐψηφίσατο
1554 697 1574 784 ἦ

409 820 432 863 ιι
464 798 649 884 σύνκλητος.
688 800 723 862 έιι
738 799 872 885 τοά)των
887 801 952 864 τῶν
967 798 1069 880 εδχῶν
1085 799 1276 876 πλειστάκις
1291 801 1439 882 ἐγένοντο
1455 806 1549 878 θέαι,
1568 807 1571 883 l

367 923 392 968 ιι
411 923 434 966 ιο
461 903 534 966 τοτέ
560 903 621 987 μέν
648 903 683 967 έιι
710 906 768 988 τῆς
794 909 971 987 συναρχίας
999 907 1064 968 τῶν
1085 903 1254 990 τεσσάρων
1278 903 1413 990 ἱερέλων,
1441 906 1514 971 τοτὲ
1536 906 1574 971 δέ

461 1003 527 1070 irad
549 1009 614 1070 τῶν
635 1003 782 1072 ὑπάτων.

219 1115 327 1175 Graeca
355 1131 422 1175 cum
451 1113 563 1192 integra
591 1113 667 1188 sint,
695 1113 867 1177 Latinorum
896 1132 1012 1193 quoque
1035 1113 1164 1194 primum
1187 1116 1373 1178 enuntiatum
1396 1117 1480 1197 plene
1503 1135 1574 1198 sup·

218 1217 291 1298 pleri
314 1217 419 1298 potuit,
443 1225 599 1299 postquam
624 1218 781 1280 verborum
804 1223 899 1299 partulo
922 1237 1031 1298 ηιιοηυι
1045 1237 1122 1281 enno
1137 1227 1215 1280 certa
1233 1219 1350 1298 vestigia
1365 1231 1574 1302 apparuemnt.

220 1321 278 1382 Pro
300 1322 417 1384 Graecis
440 1317 525 1402 ὑπὲρ
547 1323 603 1404 τῆς
625 1320 704 1404 ἐμῆς
727 1325 890 1405 σωτηρίας
912 1322 1021 1384 retinui
1043 1325 1122 1403 quod
1145 1324 1175 1384 in
1197 1325 1295 1404 priore
1317 1324 1443 1386 editione
1470 1324 1574 1406 scripsi

213 1445 269 1506 pro
290 1426 454 1488 valetudiue
476 1445 539 1489 mee
563 1445 616 1487 nee
640 1444 694 1506 pro
725 1427 816 1489 aalide
841 1446 905 1488 ιιιιιι
934 1427 999 1487 dedi
1029 1445 1096 1488 cum
1121 1426 1259 1506 Berglrio,
1287 1447 1355 1488 cum
1390 1437 1509 1510 propter
1541 1449 1574 1491 ea

216 1549 291 1607 quae
314 1529 343 1591 iu
367 1530 461 1591 indice
485 1539 650 1610 sequuntur
671 1529 701 1603 2,
722 1530 759 1592 19
784 1539 846 1592 tum
869 1538 990 1610 propter
1012 1550 1169 1592 nummum
1186 1533 1260 1592 iutra
1275 1531 1425 1594 laudatum
1442 1533 1473 1593 C.
1488 1534 1573 1595 Anti·

216 1633 266 1695 stii
293 1633 418 1706 Veteris;
450 1643 599 1715 praeterea
627 1652 681 1713 pro
710 1645 742 1694 ut
769 1639 979 1714 recuperentur
1005 1635 1182 1696 infinitivum
1212 1636 1310 1716 posui,
1342 1655 1411 1698 eum
1445 1638 1573 1718 spatium

217 1755 277 1798 uon
300 1737 434 1799 admittat
456 1737 521 1816 plus
544 1737 655 1799 litteras
678 1757 702 1798 e.
719 1757 813 1799 xxxiv.
850 1739 883 1798 lu
907 1739 1098 1818 sequentibus
1121 1739 1206 1800 verba
1222 1743 1286 1810 υ1υο
1300 1760 1353 1811 me,
1375 1760 1449 1820 quae
1464 1741 1495 1802 in
1510 1740 1574 1803 edi-

218 1841 297 1902 tione
325 1841 422 1922 priore
449 1839 627 1902 retinueram
655 1861 834 1922 quamquam
862 1842 1001 1904 dubitans
1022 1844 1104 1922 (nam
1128 1843 1201 1904 mire
1224 1843 1345 1905 omniuo
1368 1844 1398 1905 in
1421 1845 1497 1906 ludis
1519 1865 1573 1925 pro

215 1945 310 2006 salute
340 1964 393 2006 sua
423 1945 509 2006 editis
538 1944 595 2005 hoe
623 1945 703 2006 addit
730 1946 880 2025 Augustus
907 1966 957 2007 eos
986 1945 1050 2007 rivo
1078 1966 1110 2007 se
1138 1948 1298 2009 celebratos
1326 1949 1418 2026 esse),
1447 1967 1513 2009 vere
1544 1951 1574 2010 in

214 2048 308 2129 lapide
331 2057 431 2110 extem
454 2047 578 2128 (scilieet
600 2067 643 2110 me
665 2049 721 2110 etsi
743 2048 773 2111 in
797 2071 886 2131 gypso
902 2069 961 2111 uon
985 2061 1143 2131 comparet,
1166 2051 1196 2112 iu
1212 2052 1306 2132 lapide
1322 2052 1573 2114 Domaszewslrius

215 2151 430 2231 deprehendit),
453 2151 669 2231 conciduntque
684 2152 868 2214 coniecturae
884 2175 952 2217 eum
970 2154 1084 2234 Berglrii
1102 2152 1366 2236 [plurlnprdenuelr's]
1382 2156 1426 2216 vel
1442 2156 1466 2216 si
1482 2155 1573 2217 mavis

219 2255 325 2332 l'leiovi
343 2266 369 2316 et
391 2255 522 2335 Apollini]
550 2265 613 2317 tum
638 2274 702 2318 mea
723 2267 755 2318 ot
776 2257 951 2337 oolteeroml.
974 2295 1014 2302 -
1037 2258 1070 2319 ll.
1089 2259 1127 2319 16
1150 2268 1218 2337 post
1239 2277 1284 2329 ον
1306 2259 1485 2339 interceptae
1508 2279 1573 2321 esse

217 2358 353 2419 videntur
375 2360 489 2421 litterae
511 2360 578 2440 plus
601 2360 699 2422 miuus
721 2363 794 2434 ηιξ
810 2381 864 2442 pro
886 2363 993 2443 quibus
1016 2361 1083 2424 dedi
1104 2381 1202 2422 uxum.
1227 2396 1264 2405 -
1280 2361 1312 2422 V.
1331 2364 1369 2423 17
1392 2363 1470 2442 quod
1491 2383 1574 2426 eom-

215 2461 366 2522 mendavit
380 2462 524 2540 Bergliius
547 2464 639 2542 [ludos
661 2469 691 2525 ιἰι
713 2469 800 2526 vicem
822 2467 1007 2542 secerdotum
1029 2477 1163 2547 ηιιοιιιιοι
1186 2466 1361 2547 amplissima
1382 2468 1509 2548 collelpr‘c
1529 2470 1575 2529 eet

216 2565 344 2626 eonsules
365 2570 424 2626 αὐο
447 2567 536 2642 cuod,
559 2576 637 2627 reete
661 2567 872 2630 llirsehleldius
895 2589 928 2631 eo
952 2570 1071 2631 nomine
1098 2569 1294 2650 reprehendit,
1322 2571 1401 2649 quod
1423 2575 1483 2632 etus
1505 2577 1578 2633 orani

216 2688 276 2748 quo
311 2672 456 2730 reseratur
487 2688 546 2730 non
579 2671 682 2744 habet,
716 2673 778 2752 ipse
810 2671 993 2734 substituens
1019 2673 1139 2752 publice.
1192 2673 1266 2735 Cum
1296 2672 1432 2736 deficiant
1461 2674 1574 2736 litterae

215 2791 242 2833 c.
264 2791 329 2832 xxvi
351 2780 421 2852 post
443 2793 502 2847 us,
526 2794 552 2834 r.
571 2774 609 2834 18
633 2773 673 2835 in.
689 2794 714 2836 e.
731 2794 817 2848 xxvu,
841 2795 895 2856 pro
916 2778 999 2837 οιοιίο
1021 2823 1027 2838 .
1048 2821 1079 2837 ..
1102 2776 1185 2838 modo
1212 2777 1269 2837 iam
1298 2776 1383 2856 posui
1404 2779 1575 2858 υίέηιιοιίιιιε

215 2876 271 2948 bie,
301 2885 333 2937 ut
360 2877 487 2958 spatium
517 2886 595 2938 reete
625 2878 800 2958 expleretur.
824 2913 864 2921 —
891 2879 1018 2940 Graecus
1051 2880 1196 2959 interpres
1229 2879 1406 2942 mcerdotum
1439 2889 1574 2960 prrattuor

214 2979 333 3059 οοίίιηιό
355 2981 430 3042 male
453 2980 540 3042 vertit
562 2979 598 3043 έκ
619 2981 675 3064 τῆς
698 2984 875 3063 συναρχίας
897 2983 961 3044 τῶν
983 2977 1151 3064 τεσσάρων
1174 2977 1300 3063 ἱερέων,
1330 2993 1465 3062 protutor
1487 3002 1573 3044 voca-

215 3081 318 3144 bulum
342 3083 466 3163 iungens
489 3103 548 3146 uon
570 3104 638 3146 cum
661 3084 799 3164 collegiis,
822 3085 872 3147 sed
895 3103 962 3147 cum
987 3085 1196 3147 sacerdotibus

317 3186 358 3248 lle
380 3187 457 3248 ludis
479 3187 625 3250 institutis
647 3208 672 3250 a.
689 3209 716 3250 u.
733 3207 758 3250 c.
775 3189 836 3249 726
860 3188 902 3250 sio
923 3189 976 3250 Dio
1000 3189 1050 3262 53,
1076 3191 1108 3249 1:
1138 3186 1196 3270 την
1227 3187 1412 3270 πανήγυριν
1433 3187 1492 3270 την
1514 3182 1573 3250 ἐπὶ

213 3289 254 3376 τῇ
282 3291 353 3372 νίκη
381 3291 420 3378 τῇ
450 3290 534 3372 πρὸς
560 3292 607 3375 τῷ
629 3287 745 3374 Ἀκτίῳ
776 3295 929 3373 γενομένῃ
959 3295 1198 3375 ψηφιοέείσαυ
1219 3291 1343 3370 (seilicet
1364 3311 1390 3354 a.
1414 3291 1476 3353 724
1499 3301 1573 3354 teste

213 3392 307 3453 Dione
323 3395 373 3466 51,
400 3394 452 3472 19)
480 3391 580 3476 η’γοιγε
606 3395 725 3475 (Caesar
752 3416 787 3456 eo
813 3415 890 3458 anno
917 3415 976 3458 cos.
999 3396 1041 3476 vr)
1071 3393 1153 3477 μετὰ
1174 3395 1234 3457 τοῦ
1253 3391 1437 3478 Ἀγρίππου
1460 3395 1515 3457 καὶ
1538 3393 1574 3457 έν

214 3491 297 3584 αι’πῇ
319 3495 378 3578 την
401 3493 634 3582 ἱπποδρομίαν
656 3495 714 3560 διά
735 3521 769 3560 τε
792 3500 856 3562 τῶν
877 3497 1011 3562 παίδων
1034 3499 1087 3561 ιιαλ
1105 3495 1165 3560 διά
1179 3497 1244 3559 τῶν
1260 3491 1388 3579 ἀνδρῶν
1402 3499 1467 3561 τῶν
1482 3493 1573 3575 εὐγε-

213 3599 280 3662 νῶν
307 3597 455 3682 ἐποίησε.
500 3601 556 3662 καὶ
584 3596 665 3684 αὕτη
688 3601 748 3683 μὲν
774 3600 831 3663 διά
860 3604 958 3664 πέντε
986 3599 1038 3664 δελ
1067 3601 1148 3664 droia
1174 3601 1287 3683 μέχρις
1314 3595 1353 3664 οὗ
1376 3603 1482 3684 1μέχρι
1507 3623 1573 3664 που

214 3705 353 3765 emendat
374 3704 511 3784 llindorl)
533 3703 697 3783 ἐγίγνετο,
721 3715 794 3779 ταῖς
815 3709 995 3788 τέσσαρσιν
1017 3703 1211 3788 ἱερωσύναις
1234 3702 1269 3764 o
1291 3705 1494 3786 περιτροπῆς
1515 3707 1573 3787 μέ-

213 3805 333 3869 λουσα·
357 3805 441 3884 λέγω
464 3805 502 3870 δὲ
524 3803 600 3880 τοιίς
621 3830 656 3870 τε
680 3811 880 3890 ποντίιγιιιας
903 3808 1050 3882 καὶτοὺς
1066 3808 1242 3883 οίωνιστδις
1263 3804 1339 3880 τούς
1359 3831 1395 3870 τε
1417 3805 1503 3872 ἑπτά
1516 3809 1573 3869 ιιαὶ

213 3907 290 3994 τούς
317 3909 554 3973 πεντεκαίδεκα
584 3908 706 3994 ἄνδρας
728 3910 958 3994 καλουμένους.
1004 3913 1128 3974 Eosdem
1152 3913 1237 3974 ludos
1260 3921 1473 3974 commemorat
1494 3911 1572 3974 idem

213 4013 251 4074 ad
273 4033 299 4074 a.
316 4012 377 4076 738
402 4015 465 4090 154,
491 4014 557 4094 19):
585 4013 644 4098 την
672 4014 912 4099 πενταετηρίδα
937 4017 994 4099 τῆς
1022 4013 1122 4098 ἀρχῆς
1143 4011 1245 4078 αὐτοῦ
1267 4012 1490 4097 διειάρτασοιν,
1514 4015 1573 4076 τοῦ

209 4111 399 4196 Ἀγρίππου
426 4112 474 4196 (ἒν
503 4117 565 4201 γὰρ
594 4129 665 4193 τοῖς
692 4119 928 4182 πεντεκαίδεκα
950 4115 1133 4203 ἀνδράσιν,
1162 4117 1212 4194 οίς
1235 4117 1270 4181 ἐκ
1292 4119 1349 4201 τῆς
1370 4119 1573 4202 περιτροπῆς

213 4219 234 4306 ἦ
262 4218 427 4304 διοίκησις
453 4215 551 4303 αὐτῆς
579 4221 779 4304 ἐπέβαλλεν,
810 4220 938 4307 ἱέρωτο)
968 4223 1027 4286 διὰ
1047 4223 1112 4285 τῶν
1135 4224 1310 4306 συνιερέων
1332 4219 1571 4298 ἀναλώσαντος.

212 4325 258 4387 Ad
282 4325 400 4386 eosdem
424 4327 552 4406 pertinet
573 4327 650 4405 quod
674 4326 704 4388 iu
728 4335 848 4389 senatus
870 4329 1005 4390 consulto
1022 4329 1057 4389 de
1073 4327 1150 4389 ludis
1165 4326 1362 4389 saecularibus
1378 4327 1422 4408 (C.
1437 4329 1459 4389 1.
1477 4328 1509 4389 L.
1526 4328 1571 4403 Vl,

213 4430 289 4505 877)
317 4432 394 4491 laeto
420 4448 446 4490 a.
470 4449 498 4491 u
520 4449 545 4490 e.
567 4431 628 4491 737
658 4432 768 4493 mentio
797 4433 830 4493 m
855 4451 984 4494 summae
1012 4432 1212 4508 [sacerdotibus
1236 4449 1292 4512 pro
1314 4430 1407 4508 ludt'sl,
1429 4448 1500 4513 quos
1518 4451 1573 4512 pro

212 4533 306 4596 salute
331 4533 460 4596 Caesares
480 4536 620 4614 feceruut,
644 4537 752 4598 lucaris
774 4539 887 4597 nomine
909 4537 1102 4614 οοιιοῌιλιιιοε).
1140 4534 1200 4596 Νοο
1222 4533 1329 4596 diversi
1351 4544 1420 4597 sunt
1443 4537 1506 4598 ludi
1516 4553 1575 4616 pro

212 4637 306 4700 solute
334 4639 395 4700 diei
420 4637 541 4718 depacti
565 4644 654 4701 votivi
680 4638 817 4701 celebrati
844 4639 874 4701 C.
895 4640 1031 4720 Poppaeo
1059 4640 1094 4712 Q.
1117 4639 1245 4719 Sulpicio
1268 4657 1327 4700 eos.
1351 4658 1377 4700 a
1398 4637 1570 4718 762(P1in

213 4741 244 4802 h.
260 4759 291 4802 u.
304 4742 333 4814 7,
350 4741 400 4816 48,
419 4740 504 4818 158);
520 4741 647 4823 denique
662 4743 726 4806 λιιέι·
735 4745 919 4826 pontuficoles,
933 4763 1061 4824 quorum
1078 4743 1213 4805 meminit
1228 4741 1388 4804 Suetonius
1403 4743 1489 4822 (Aug.
1507 4740 1571 4819 44),

213 4843 354 4907 videntur
376 4844 467 4908 luisse
489 4845 551 4909 ludi
572 4845 661 4910 iidem
684 4847 795 4912 scilieet
815 4847 939 4910 dionius
954 4847 1033 4923 anni,
1056 4867 1115 4928 quo
1130 4845 1285 4910 celebratio
1301 4863 1405 4908 eorum
1420 4843 1455 4906 ad
1471 4843 1570 4925 ponti·
