3798 5584
956 436 989 504 v,
1008 438 1112 492 ει-ει
1217 404 1220 412 ’

355 614 388 675 ld
418 623 464 676 est
488 613 663 693 [Βασιλεὺς
687 610 924 698 Ἀρταβάσδης·
938 613 1061 698 ἔζησ]εν
1092 614 1290 699 ἐνιαυτ(εὐς)
1321 615 1387 682 Ab'.
1433 621 1514 699 [neo]
1542 622 1715 685 Artobosdes

357 718 451 798 [filiius
480 722 553 798 repis
575 718 780 780 Ariobarzanis
808 721 900 798 [vinclo
929 738 1020 782 annos
1042 739 1182 780 ananan.
1231 721 1305 783 Nam
1332 723 1411 785 hunc
1432 725 1530 805 ipsum
1553 725 1711 806 intellegi¹)

354 820 422 882 inde
444 822 645 894 confirmatur,
676 822 753 901 quod
781 821 969 884 Artavasden
1000 843 1068 888 eum
1090 827 1126 888 de
1148 845 1207 906 quo
1228 825 1324 904 agitur
1346 827 1439 888 hlium
1462 829 1552 890 luisse
1573 829 1714 892 Ariobar-

354 922 434 983 zanis
460 924 610 1003 Augustus
644 924 700 985 hoc
730 923 795 1004 ipso
828 925 892 987 loco
927 927 1062 990 declarat.
1090 965 1132 974 -
1161 931 1283 991 Artanes
1310 929 1466 993 Armeniae
1498 950 1550 993 rex
1582 932 1713 1012 itemque

354 1024 465 1086 Mediae
493 1026 685 1088 nihilomiuus
720 1045 773 1106 per
800 1027 910 1106 aliquot
938 1047 1048 1102 anuos,
1082 1041 1116 1093 ut
1143 1032 1183 1094 ait
1206 1032 1324 1094 Tacitus
1351 1032 1432 1116 (anu.
1454 1033 1483 1108 2,
1506 1033 1549 1110 3),
1575 1040 1714 1098 memorio

350 1133 444 1207 patris
466 1128 603 1191 llomonr's
624 1133 755 1211 infensus
776 1131 980 1193 Arsacidarum
1002 1138 1034 1195 oi
1052 1154 1133 1216 seque
1154 1154 1328 1216 aequumque
1351 1147 1457 1198 tutatus
1479 1149 1527 1200 εει.

455 1233 540 1294 Anno
568 1232 688 1294 demum
713 1233 948 1313 tertagonus
978 1245 1012 1298 ut
1040 1235 1169 1300 Orientis
1202 1247 1312 1300 statum
1346 1238 1495 1300 ordinaret
1526 1239 1590 1321 ipse
1623 1259 1712 1322 expe-

353 1335 495 1398 ditionem
525 1336 555 1396 iu
585 1335 697 1416 Syriam
726 1337 857 1416 suscepit
887 1336 1055 1418 bellumque
1083 1340 1199 1403 videtur
1225 1340 1325 1401 Artaxi
1355 1340 1489 1402 illaturus
1523 1341 1628 1416 luisse3
1660 1343 1712 1403 sed

353 1448 510 1518 autequam
539 1458 585 1500 res
612 1439 648 1500 ad
676 1457 757 1500 arma
784 1439 906 1513 veniret,
932 1441 957 1501 is
980 1460 996 1502 a
1019 1443 1193 1522 propinquis
1216 1443 1388 1504 interfectus
1410 1452 1464 1505 est
1508 1442 1581 1506 Rem
1610 1455 1712 1507 namet

353 1541 407 1603 Dio
430 1541 516 1616 54,9
539 1541 574 1602 ad
597 1561 622 1602 a.
639 1541 714 1603 734:
742 1542 806 1604 τῶν
823 1538 1004 1625 Ἀρμενίων
1026 1544 1091 1608 τῶν
1113 1542 1231 1628 ἑτέρων
1253 1546 1373 1626 (nempe
1394 1544 1548 1607 Armeniae
1577 1546 1710 1623 maioris)

352 1643 411 1705 τοῦ
432 1666 467 1705 τε
483 1639 639 1725 Ἀρτάξαν
666 1635 959 1727 κατηγορησάντων
988 1646 1045 1709 καὶ
1072 1646 1132 1711 τὸν
1158 1641 1324 1731 Τιγράνην
1349 1647 1407 1711 τὸν
1435 1642 1582 1732 ἀδελφόν
1610 1645 1712 1712 αὐτοῦ

352 1742 388 1808 ἐν
409 1745 448 1834 τῇ
467 1741 570 1830 Ῥώμῃ
594 1743 673 1809 ὄντα
694 1751 1025 1832 μεταπεμψαμένων,
1049 1749 1235 1824 μετέστειλε
1256 1747 1314 1814 τόν
1339 1753 1512 1834 Τιβέριον,
1540 1746 1633 1824 ὅπως
1654 1773 1714 1815 τον

351 1846 413 1929 μὲν
434 1846 555 1932 ἐκβάλῃ
577 1849 633 1933 τῆς
655 1849 844 1930 βασιλείας,
866 1850 923 1913 τὸν
945 1850 982 1915 δὲ
1004 1849 1037 1926 ἐς
1059 1848 1161 1936 αὐτὴν
1183 1849 1456 1938 ἀποκαταστήσῃ·
1478 1854 1533 1917 καὶ
1553 1851 1711 1938 ἐπράχθη

351 1947 412 2031 μὲν
434 1947 530 2015 οὐδὲν
551 1953 607 2036 τῆς
629 1955 837 2037 παρασκευῆς
865 1947 969 2018 αὐτοῦ
996 1952 1105 2027 ἄξιον·
1134 1953 1167 2018 οἱ
1197 1956 1258 2040 γὰρ
1281 1952 1449 2039 Ἀρμένιοι
1478 1956 1536 2021 τὸν
1553 1953 1713 2040 Ἀρτάξην

352 2050 636 2136 πρεαπέκτειναν,
663 2056 693 2117 id
724 2057 803 2137 quod
832 2059 987 2121 confirmat
1012 2058 1130 2122 Tacitus
1159 2061 1178 2122 l.
1202 2079 1240 2122 c:
1270 2064 1358 2122 occiso
1390 2061 1512 2124 Antonio
1536 2079 1591 2140 por
1613 2061 1711 2123 dolum

348 2163 578 2238 propinquorum
606 2160 655 2238 (cl.
671 2159 797 2222 Velleius
820 2160 849 2234 2,
866 2161 916 2221 94.
934 2160 1011 2234 122;
1037 2161 1180 2242 Iosephus
1204 2163 1253 2236 15,
1269 2165 1297 2236 4,
1314 2163 1350 2237 33
1379 2163 1540 2226 Suetonius
1563 2164 1637 2243 Aug.
1654 2163 1711 2238 21;

350 2259 460 2321 Eckhel
482 2261 512 2330 6,
529 2261 582 2339 98)
605 2263 817 2342 confirmatque
840 2263 902 2342 ipse
923 2263 1074 2342 Augustus
1097 2265 1262 2345 hecquem
1291 2285 1464 2328 enarramus
1487 2266 1561 2328 loco.
1605 2267 1710 2346 Tigra·

351 2383 419 2424 nem
441 2383 540 2443 regem
565 2383 596 2425 se
618 2365 722 2426 secisse
745 2365 891 2426 maiorum
913 2367 1046 2447 exemplo
1061 2368 1213 2447 Augustus
1235 2369 1337 2431 scribit
1352 2370 1485 2450 cogitans
1507 2370 1542 2430 de
1557 2369 1709 2450 Pompeio,

350 2466 401 2544 qui
423 2486 448 2527 a.
465 2466 527 2528 688
555 2466 690 2529 similiter
715 2487 769 2528 aro
797 2467 884 2529 huius
907 2467 1024 2548 Tigrani
1052 2488 1176 2549 regnum
1203 2472 1373 2534 restituerat
1400 2491 1511 2552 suaque
1533 2491 1623 2534 manu
1646 2472 1710 2534 dia·

351 2569 435 2631 dema
457 2570 640 2650 imposuerat
662 2570 825 2646 (Drumaun
849 2573 877 2643 4,
894 2571 979 2651 440),
1002 2573 1110 2652 pariter
1131 2582 1219 2652 atque
1242 2582 1305 2636 tum
1328 2575 1412 2638 iussu
1432 2575 1559 2655 Augusti
1573 2575 1710 2636 Tiberius

349 2691 469 2752 regnum
490 2675 641 2736 Armeniae
657 2673 773 2755 Tc'proni
790 2679 912 2738 restitnit
933 2693 966 2735 oo
985 2693 1041 2754 pro
1063 2675 1207 2738 tribunali
1228 2676 1359 2739 diademo
1373 2681 1507 2758 imposuit
1521 2677 1623 2757 (rerba
1639 2689 1711 2740 sunt

350 2775 485 2836 Suetonii
511 2775 574 2836 Tib.
591 2777 626 2850 93
653 2779 689 2838 cl.
710 2777 836 2838 Velleius
859 2777 887 2848 2,
908 2777 990 2855 122).
1035 2777 1109 2839 Cum
1137 2788 1235 2841 autem
1259 2799 1333 2859 quiae
1355 2780 1473 2860 quidem
1497 2799 1586 2861 regna
1606 2800 1708 2860 regem

349 2895 365 2936 a
388 2877 518 2958 principe
539 2879 712 2958 acciperent,
733 2888 763 2940 et
784 2880 846 2958 ipsa
866 2879 990 2960 imperio
1006 2879 1138 2943 Romano
1158 2883 1486 2962 comprehenderentur,
1508 2883 1647 2944 Armenia
1669 2883 1709 2945 ita

348 2979 379 3041 in
410 2989 587 3060 potestatem
620 2982 720 3062 populi
743 2981 867 3044 Romani
899 2983 981 3045 uenit
1010 2985 1056 3044 vel
1087 2984 1185 3063 potius
1212 2985 1313 3060 rediit3
1343 2994 1504 3066 utrumque
1530 2995 1560 3047 et
1582 2986 1709 3048 Velleius

344 3082 437 3152 habet
460 3083 502 3160 (2,
518 3084 573 3145 95ι
605 3085 723 3147 reducto
750 3103 784 3146 eo
808 3090 840 3148 in
862 3096 1027 3167 potestatem
1049 3088 1152 3167 populi
1171 3085 1311 3162 llomom'3
1339 3089 1467 3162 2122:
1502 3090 1639 3151 Armenio
1661 3107 1710 3151 re·

348 3187 440 3265 cepto)
469 3195 500 3248 et
524 3187 654 3261 nummi,
685 3207 896 3268 saepenumero
918 3189 1120 3268 praedicantes
1142 3191 1307 3253 Armenium
1329 3205 1454 3271 coptum,
1485 3192 1638 3271 aliquoties
1660 3211 1709 3254 re-

349 3289 499 3368 coptnm²h
535 3324 576 3332 —
610 3290 756 3351 Nummus
789 3293 824 3353 ad
858 3291 1013 3371 Tigranem
1045 3293 1125 3355 hunc
1157 3293 1303 3372 pertinere
1335 3294 1451 3358 videtur
1481 3315 1589 3358 aeneus
1620 3307 1709 3376 caput

348 3390 440 3470 ipsius
469 3391 579 3453 habens
608 3393 688 3454 cultu
716 3393 796 3472 regio
820 3413 888 3456 eum
911 3396 1031 3457 nomine
1053 3395 1089 3457 ab
1111 3397 1201 3458 altera
1221 3406 1302 3476 parte
1324 3398 1360 3459 ad
1382 3399 1555 3461 Armenium
1579 3408 1706 3461 stantem

349 3493 461 3555 hastam
486 3512 645 3573 arcumque
668 3504 815 3557 tenentem
838 3496 984 3580 adscripto
1007 3498 1171 3579 βασιλέως
1192 3495 1336 3581 μεγάλου
1363 3497 1527 3583 Τιγράνου
1550 3499 1708 3585 φιλέλλη-

347 3615 404 3668 νος
426 3596 575 3676 (Langlois
596 3617 675 3659 num.
700 3597 732 3660 de
755 3595 907 3662 l'Arme'nic
928 3620 958 3681 p.
974 3600 1037 3682 37).

449 3699 512 3762 Una
538 3719 605 3762 cum
628 3700 764 3763 Armenia
787 3701 880 3764 Media
907 3723 1024 3783 quoque
1048 3713 1112 3766 tum
1134 3703 1165 3766 in
1188 3714 1361 3784 potestatem
1385 3707 1586 3770 Romanorum
1611 3708 1706 3782 venit;

347 3811 428 3864 certe
456 3822 524 3865 cum
554 3823 589 3865 ex
616 3805 783 3867 narratione
810 3825 899 3886 supra
921 3807 1010 3868 relata
1032 3817 1169 3888 appareat
1190 3818 1351 3888 utrumque
1373 3827 1497 3889 reguum
1521 3810 1631 3890 pariter
1650 3811 1705 3873 sub

347 3905 454 3967 Artaxe
476 3907 575 3979 fuisse,
598 3926 632 3968 eo
655 3927 756 3969 everso
772 3917 1004 3972 consentaneum
1020 3920 1066 3972 est
1085 3910 1173 3972 otiam
1189 3911 1299 3972 Mediae
1314 3911 1469 3974 arbitrium
1485 3913 1522 3973 ad
1537 3913 1704 3992 Augustum

348 4007 477 4070 delatum
499 4027 572 4070 esse.
603 4009 697 4082 Quam
721 4011 844 4072 obrem
867 4021 945 4073 recte
968 4012 1026 4073 huc
1048 4015 1218 4088 reseremus,
1241 4013 1321 4093 quod
1336 4015 1412 4095 apud
1429 4033 1530 4077 rerum
1546 4015 1704 4096 scriptores

347 4129 422 4190 quos
445 4111 587 4174 habemus
609 4114 800 4192 praeteritum
824 4115 973 4194 Augustus
995 4118 1085 4177 relert
1107 4116 1172 4190 6,9
1195 4116 1291 4179 Μαιοε
1313 4137 1374 4181 oso
1388 4137 1482 4199 rogem
1493 4123 1605 4199 petiisse
1621 4119 1705 4181 Ario-

447 4339 468 4404 ¹)
487 4337 582 4390 Errors
600 4341 627 4390 in
646 4337 673 4389 C.
685 4339 704 4390 l.
717 4339 746 4390 L.
766 4340 902 4391 adnotatur
920 4341 997 4391 ellum
1016 4356 1072 4394 esse
1091 4343 1259 4394 Artavasden
1277 4345 1431 4395 mouumenti
1449 4345 1595 4414 Ancyram,
1613 4347 1704 4413 quippe

347 4425 434 4490 quiin
454 4427 575 4477 Armenia
593 4424 745 4477 interiectus
763 4427 799 4477 sit
817 4441 862 4477 nec
881 4427 949 4478 lllius
967 4434 1064 4478 tantum
1083 4430 1152 4494 regis
1171 4428 1260 4495 luerit,
1282 4430 1326 4480 sod
1344 4430 1400 4496 ipae
1418 4445 1472 4482 rex.
1506 4431 1572 4485 lllnd
1591 4434 1705 4500 pertinet

346 4510 377 4562 ad
396 4511 565 4563 Artavasdem
582 4514 706 4577 alterum
728 4529 777 4568 ree
799 4521 884 4565 autem
907 4515 963 4565 sino
982 4515 1056 4565 dnbio
1075 4514 1239 4581 supplendum
1264 4522 1305 4567 εει
1323 4516 1338 4566 2
1357 4516 1391 4566 in.
1412 4517 1507 4568 nomini
1531 4519 1703 4584 praepositum

345 4605 397 4648 tam
416 4599 442 4648 in
461 4598 515 4649 lilio
533 4614 605 4664 quam
623 4616 648 4650 ιιι
667 4611 748 4666 patre.

446 4683 466 4747 ²)
485 4684 528 4736 Sic
545 4685 567 4735 is
585 4685 616 4735 dc
633 4702 680 4751 quo
700 4700 776 4750 supra
794 4702 817 4752 p.
832 4685 863 4736 13
881 4686 964 4736 adul
985 4685 1097 4736 diximus
1119 4685 1209 4738 unicus
1227 4687 1308 4738 nosci
1327 4686 1508 4752 berolinensis,
1529 4689 1590 4740 item
1610 4686 1703 4739 Coboni

346 4782 371 4816 n.
385 4767 425 4834 1³,
442 4769 541 4834 pariter
562 4776 638 4834 atque
661 4770 687 4821 in
712 4773 818 4822 nummis
842 4785 919 4837 cupra
941 4788 965 4838 p.
980 4771 1010 4824 tr
1034 4772 1119 4822 citatis
1138 4773 1207 4823 cusis
1230 4778 1288 4837 post
1305 4772 1433 4824 devictum
1452 4774 1590 4824 Antonium
1608 4773 1703 4836 legitur

342 4853 412 4903 Ano
428 4859 538 4923 recepta.
