3812 5580
337 396 399 460 136
943 393 991 460 Ἧι
1013 395 1079 448 1-3

335 581 496 655 usurpetur
524 582 553 636 et
582 573 684 635 turbae
712 572 843 634 internae
870 574 947 654 apud
968 574 1048 655 ipsos
1071 576 1169 638 hledos
1193 577 1374 639 urbanorum
1396 579 1550 640 hominum
1575 599 1690 641 sermo-

335 676 512 740 cinationem
544 677 592 738 rix
619 696 793 758 magnopere
821 695 940 739 movere
968 679 1126 760 potuerint.
1149 715 1189 724 -
1212 681 1285 742 Tere
1312 701 1380 742 mox
1403 681 1561 745 Tiridatem
1585 703 1690 746 rursus

335 781 447 863 expulit
461 780 610 842 Phraates.
648 781 812 854 Phrohotea
835 779 966 842 lustinus
990 782 1100 856 scribit,
1124 803 1188 846 cum
1209 803 1311 865 mupuo
1328 795 1452 866 tempore
1468 788 1605 867 finitimas
1621 792 1690 849 civi·

335 897 419 956 tates,
447 886 486 948 ad
508 896 683 966 postremum
710 884 828 964 Scythas
846 886 977 964 precibus
997 888 1158 967 fatigasset,
1185 887 1357 966 Scytharum
1379 894 1504 952 maciaco
1527 891 1637 952 currilia
1659 895 1692 951 iu

336 1008 454 1070 reguum
475 993 635 1052 restituitur
657 1034 685 1050 ..
709 987 873 1069 (Tiridates)
890 991 988 1050 audito
1004 992 1130 1053 adveatu
1143 991 1316 1071 Scytharum
1332 1012 1396 1054 cum
1411 1013 1517 1074 acapna
1533 999 1692 1056 amicorum

336 1113 425 1155 mauu
446 1095 484 1155 ad
502 1093 652 1155 Caesarem
673 1097 704 1154 iu
720 1095 864 1173 Hispania
887 1093 990 1155 beilum
1012 1106 1073 1156 tum
1094 1101 1226 1176 temporis
1246 1108 1386 1176 percrucm
1407 1101 1544 1178 prosapie,
1567 1099 1692 1160 obsidem

339 1198 459 1259 Caesari
479 1200 627 1258 minimum
650 1197 744 1277 filium
759 1193 910 1261 Paratae
928 1200 1035 1279 sersus,
1058 1219 1139 1279 quem
1154 1200 1345 1280 neglegentius
1360 1202 1529 1263 autodilum
1544 1212 1691 1283 rapuerat.

337 1301 389 1363 uio
412 1309 479 1381 post
501 1319 589 1381 supra
612 1300 714 1362 relata:
738 1295 811 1362 τότε
833 1299 870 1362 δὲ
893 1299 1010 1384 ἐπειδή
1034 1294 1051 1364 ὅ
1073 1324 1108 1362 τε
1125 1297 1299 1377 Ἀντώνιος
1320 1300 1507 1386 ἐτελεύτησε
1529 1303 1584 1365 καὶ
1606 1299 1694 1366 ἑκεί-

337 1425 403 1468 νων
425 1399 443 1468 o‘
465 1400 527 1484 μὲν
554 1400 731 1486 Τιριδάτης
753 1398 908 1486 ἡττηθείς
930 1402 963 1477 ἒς
984 1403 1042 1488 τήν
1064 1408 1188 1488 Συρίαν
1210 1408 1407 1489 κατέφυγεν,
1439 1402 1456 1468 ὁ
1479 1405 1516 1468 δὲ
1540 1404 1695 1489 Φραάτης

338 1503 503 1590 κρατήσας
525 1508 681 1588 πρέσβεις
704 1503 847 1590 ἔπεμψε,
871 1505 1000 1580 τούτοις
1024 1531 1056 1569 τε
1078 1507 1217 1591 φιλικῶς
1240 1507 1435 1593 ἐχρημάτισε
1457 1509 1579 1592 καὶτῷ
1600 1514 1694 1592 Τιρι-
1716 1503 1719 1510 ⁴

339 1609 420 1694 δοίτη
444 1606 628 1694 βοηθήσειν
650 1607 710 1691 μὲν
733 1605 978 1693 οὐχιὺπέσχετο,
1003 1609 1205 1674 διαιτᾶσθαι
1222 1611 1258 1674 δὲ
1275 1611 1310 1676 ἐν
1325 1612 1363 1702 τή
1378 1615 1482 1694 Συρίᾳ
1497 1611 1694 1696 ἐπέτρεψεν,

339 1713 413 1780 υἱόν
442 1717 477 1777 τέ
501 1735 578 1776 τινα
603 1713 662 1775 τοῦ
686 1713 840 1796 Φραάτου
863 1711 898 1776 ἐν
920 1709 1106 1795 εὐεργεσίας
1128 1716 1219 1797 μέρει
1243 1717 1327 1798 παρ’
1350 1713 1450 1778 αὐτοῦ
1472 1715 1584 1798 λαβὼν
1607 1713 1639 1789 ἔς
1660 1739 1696 1778 τε

338 1818 397 1904 τήν
416 1815 540 1900 Ῥώμην
562 1812 703 1900 ἀνήγαγε
726 1815 781 1878 καὶ
804 1815 839 1879 ἐν
861 1812 1000 1900 ὁμηρείᾳ
1023 1815 1215 1901 ἐποιήσατο.
1253 1820 1390 1882 Horatius
1413 1841 1530 1901 quoque
1553 1822 1582 1882 in
1603 1840 1695 1882 carm.

340 1924 369 1998 2,
386 1924 405 1983 2
421 1923 498 1984 inter
514 1923 614 1984 beatos
631 1920 734 1983 relerri
748 1930 827 1982 vetat
841 1922 984 1983 redditum
1001 1920 1072 2000 Cyri
1083 1923 1153 1984 solio
1168 1923 1337 1986 Pltrahatcu.
1369 1925 1435 1986 lllae
1450 1925 1578 1986 duorum
1593 1931 1697 1986 aucto·

339 2009 417 2096 rum'
430 2025 586 2088 relationes
608 2044 676 2087 cum
699 2044 759 2086 non
776 2025 897 2086 omnino
912 2025 1101 2098 concordent,
1124 2029 1248 2088 fortasse
1263 2029 1293 2089 in
1310 2047 1425 2090 summa
1441 2047 1472 2090 re
1488 2037 1611 2108 utraque
1627 2047 1695 2089 vera

340 2131 425 2208 cst1).
462 2129 622 2190 Credamus
645 2127 729 2189 Dioni
745 2127 904 2190 Tiridatem
927 2128 1051 2192 eiectum
1075 2152 1100 2192 a.
1118 2133 1179 2192 724
1202 2141 1327 2193 exeunte
1349 2132 1379 2193 in
1397 2132 1509 2212 Syriam
1533 2132 1568 2193 ad
1585 2132 1696 2193 Roma-

340 2255 394 2295 nos
417 2232 582 2312 conlegisse
604 2250 700 2311 neque
722 2241 821 2294 umen
843 2232 878 2292 ad
900 2232 997 2313 ipsum
1013 2235 1179 2315 Augustum
1203 2255 1237 2297 eo
1253 2244 1386 2316 tempore
1402 2245 1566 2297 morantem
1582 2237 1612 2296 in
1628 2235 1697 2296 Asia

342 2337 394 2418 (ibi
423 2336 502 2398 enim
530 2355 598 2396 eum
622 2335 739 2396 hiemen
763 2354 788 2395 a.
805 2335 900 2406 rarle
923 2337 1053 2416 exegisse
1075 2339 1128 2400 uio
1151 2339 1246 2419 paullo
1269 2348 1338 2401 ante
1360 2339 1461 2400 scribit
1482 2339 1581 2418 ibique
1604 2338 1697 2417 magis

341 2460 430 2522 quarn
447 2440 526 2503 Sami
549 2441 734 2502 consulatum
757 2459 783 2500 a.
800 2439 861 2500 ’725
878 2439 951 2510 iniit,
975 2443 1011 2501 cl.
1030 2441 1187 2504 Suetonius
1203 2443 1275 2522 hug.
1292 2443 1355 2522 26).
1387 2443 1514 2522 henigne
1529 2443 1697 2521 Augustum

343 2546 462 2607 Phraati
483 2545 667 2626 respondisse
689 2562 786 2623 nequo
801 2543 938 2605 Tiridatis
961 2564 1078 2606 oausam
1101 2555 1200 2626 aperte
1222 2556 1322 2608 contra
1345 2566 1413 2608 eum
1437 2546 1602 2626 suscepisse
1618 2545 1697 2605 idem

344 2650 406 2711 sine
433 2649 521 2711 dubio
549 2657 627 2710 recte
654 2647 787 2722 tradidit;
818 2648 867 2709 sed
894 2667 961 2709 vere
987 2669 1055 2710 eum
1077 2649 1109 2710 in
1131 2649 1287 2711 amicitiam
1312 2667 1380 2710 cum
1404 2668 1471 2728 rege
1493 2667 1552 2709 non
1575 2647 1699 2709 rediisse

343 2771 410 2814 cum
433 2771 468 2813 ex
492 2753 627 2814 universo
649 2770 748 2812 rerum
765 2759 844 2813 statu
859 2751 1005 2830 colligitur
1020 2753 1110 2832 signis
1125 2753 1240 2814 amissis
1256 2771 1439 2832 nequaquam
1455 2752 1600 2814 restitutis
1616 2751 1699 2831 (ride

343 2875 432 2936 supra
454 2875 482 2936 p.
501 2856 573 2935 111)
598 2866 660 2917 turn
683 2876 718 2917 ex
740 2855 804 2936 ipso
827 2874 871 2928 eo,
894 2856 973 2934 quod
988 2856 1138 2935 Augustus
1153 2856 1308 2935 Tigranem
1331 2856 1361 2917 in
1378 2855 1459 2937 Syria
1483 2857 1587 2936 degere
1601 2855 1698 2922 iussit.

344 2959 408 3020 sine
430 2957 519 3019 dubio
542 2977 575 3019 eo
598 2957 730 3031 consilio,
754 2967 786 3020 ut
808 2959 873 3020 inde
897 2967 996 3021 motus
1019 2961 1048 3021 in
1072 2959 1163 3021 vicina
1187 2960 1304 3021 Parthia
1328 2970 1461 3040 pergeret
1482 2959 1617 3021 excitme.
1661 2959 1699 3020 Et

345 3063 459 3124 ridetur
481 3081 547 3122 vere
562 3061 705 3124 Tiridates
720 3061 750 3123 in
766 3081 889 3142 regnum
905 3063 1037 3126 Phraatis
1054 3043 1199 3126 hostiliter
1213 3064 1363 3142 ingressus
1378 3083 1442 3125 esse
1458 3081 1550 3142 eoque
1565 3071 1698 3142 spectare

445 3265 467 3326 ¹)
489 3263 589 3314 Nummi
607 3261 721 3313 Parthici
747 3278 792 3329 per
813 3265 860 3316 hoe
883 3279 963 3314 annos
987 3264 1082 3328 signati
1105 3281 1160 3315 cum
1182 3281 1270 3329 magna
1289 3280 1321 3314 er
1341 3270 1412 3330 parte
1430 3280 1522 3314 annum
1540 3279 1700 3328 mensemque

345 3351 489 3408 enuntient,
513 3363 600 3411 regum
623 3356 737 3414 tempora
759 3357 829 3400 recte
851 3351 1013 3415 stabilirent,
1037 3352 1087 3402 nisi
1112 3367 1199 3401 nomeu
1221 3350 1325 3402 Arsacis
1350 3350 1375 3399 in
1400 3351 1515 3400 omnibus
1537 3350 1602 3400 idem
1620 3357 1700 3412 esset,

345 3437 416 3487 tituli
434 3436 488 3486 lere
506 3437 582 3485 iidem
600 3442 627 3485 et
645 3436 670 3484 in
689 3435 745 3486 sola
763 3434 839 3487 larici
858 3439 1010 3489 diversitate
1030 3439 1149 3488 iudicium
1168 3445 1324 3490 verteretur.
1355 3436 1404 3501 Qui
1416 3444 1558 3502 postremus
1570 3437 1701 3501 quaestio-

346 3539 401 3574 nem
420 3523 544 3574 traetavit
561 3521 642 3588 Percy
656 3519 772 3572 Gardner
791 3525 841 3586 (tire
859 3525 985 3575 Parthian
1003 3527 1118 3589 masaga.
1142 3524 1262 3574 Londinii
1282 3523 1502 3588 retranseo.)
1520 3539 1574 3572 cum
1588 3539 1702 3573 nummos

345 3608 463 3660 Phraatis
485 3608 558 3658 huius
582 3607 778 3672 comprehendat
801 3611 870 3660 inter
891 3627 915 3661 a.
933 3611 984 3662 Sel.
998 3612 1047 3662 276
1065 3633 1099 3651 =
1117 3629 1141 3660 ιι.
1154 3629 1176 3661 c.
1191 3611 1268 3676 717γ8
1292 3618 1317 3660 et
1340 3609 1391 3660 Sel.
1411 3609 1461 3660 280
1479 3633 1512 3650 =
1531 3628 1554 3660 n.
1573 3627 1594 3660 c.
1614 3610 1703 3674 73017,

346 3713 390 3763 per
413 3698 513 3747 eosdem
537 3710 616 3744 annos
641 3695 688 3743 due
712 3695 793 3760 capita
818 3698 920 3747 diversa
946 3698 971 3747 in
997 3697 1101 3748 nummis
1125 3697 1320 3764 deprehendisse
1343 3695 1393 3746 sibi
1417 3697 1490 3746 visas
1514 3705 1565 3762 est,
1592 3696 1702 3746 alterum

347 3784 420 3834 onias
439 3782 498 3832 anni
517 3781 567 3832 Sel.
587 3782 636 3831 280
655 3781 785 3842 (mensium
805 3780 939 3832 Artemisii
955 3781 1045 3849 Dystri
1058 3782 1154 3849 Daesii)
1166 3806 1199 3823 =
1211 3781 1371 3852 ο.ε.721ή2,
1390 3785 1500 3836 alteram
1518 3801 1541 3835 a.
1554 3785 1603 3834 285
1620 3784 1704 3844 (man-

346 3870 382 3920 sis
395 3868 491 3926 Daesiil
505 3889 537 3911 =
548 3885 573 3919 u.
587 3884 608 3917 c.
622 3867 714 3935 llblit
732 3867 775 3918 sed
795 3875 876 3918 tamen
896 3867 1014 3919 Phraatis
1032 3885 1129 3936 quoque
1148 3870 1242 3920 nummi
1259 3871 1302 3936 qni
1315 3872 1456 3923 ereduntur
1467 3886 1524 3922 esse
1536 3869 1703 3936 reperiuntur

346 3957 416 4006 inter
437 3956 537 4005 eosdem
559 3956 684 4006 terminos
708 3954 771 4006 cusi.
808 3956 893 4006 Aliter
912 3955 1111 4022 Longpcricrins
1137 3957 1281 4018 (υιίυιοίνεε
1303 3974 1349 4008 sarr
1367 3957 1392 4006 ίιι
1409 3956 1572 4022 chronologia
1587 3954 1632 4005 dee
1649 3958 1704 4005 ruis

346 4043 454 4094 Parthas
472 4042 609 4093 Arsacides
628 4059 649 4108 p.
669 4044 700 4092 54
714 4045 776 4110 seq.)
800 4057 911 4092 nummos
929 4042 1044 4104 ordinat,
1066 4042 1180 4092 iudicans
1199 4045 1267 4093 cerni
1287 4043 1312 4093 iu
1332 4045 1366 4094 iis
1383 4061 1406 4094 a.
1425 4045 1474 4093 276
1491 4065 1525 4082 =
1544 4059 1567 4091 u.
1586 4059 1607 4091 c.
1624 4039 1704 4109 title

347 4137 422 4194 eaput
433 4127 561 4192 Phraatis,
579 4145 601 4178 a.
615 4129 664 4179 270
682 4151 717 4170 =
729 4146 752 4178 u.
766 4146 787 4179 c.
802 4131 878 4188 trull
892 4127 1025 4190 Tiridatis,
1043 4144 1065 4179 a.
1079 4129 1128 4177 280
1139 4151 1173 4188 -‚-=
1186 4145 1209 4178 u.
1227 4145 1249 4178 c.
1264 4129 1340 4196 tarsu
1359 4145 1448 4178 rursus
1460 4126 1586 4186 Phraatis,
1605 4145 1627 4177 a.
1644 4129 1703 4180 285.

347 4217 396 4265 286
407 4239 440 4256 =
453 4231 476 4265 u.
490 4232 512 4265 e.
526 4215 604 4274 tuere
623 4216 716 4266 iterum
729 4213 864 4278 Tiridatis,
882 4230 904 4265 a.
919 4213 968 4264 287
980 4237 1014 4254 =
1027 4231 1049 4262 u.
1064 4231 1085 4263 c.
1099 4212 1178 4276 trefe
1197 4215 1277 4264 denuo
1292 4215 1418 4266 Phraatis.
1436 4213 1461 4264 ln
1477 4229 1561 4264 rernm
1580 4215 1704 4266 memoria

348 4319 396 4351 oon
419 4301 552 4353 invenitur
574 4301 637 4367 quod
661 4301 794 4367 impediat,
821 4302 952 4366 quominus
975 4315 1120 4350 nummosa
1143 4300 1251 4352 Phraate
1274 4301 1385 4364 alienos,
1414 4299 1457 4350 sed
1481 4315 1526 4366 per
1549 4301 1622 4360 regni
1647 4301 1704 4350 eius

347 4395 460 4454 tempora
483 4403 558 4438 cusos
576 4388 606 4436 ad
622 4385 762 4438 Tiridatem
782 4385 935 4451 referamus,
958 4395 984 4438 et
1003 4395 1109 4454 possunt
1126 4403 1186 4438 sene
1204 4404 1248 4454 per
1260 4388 1306 4438 hos
1324 4401 1402 4437 sonos
1424 4386 1467 4436 vel
1480 4385 1565 4436 eodem
1579 4393 1705 4452 tempore,

348 4474 374 4524 iu
392 4474 504 4524 diversis
523 4473 625 4524 scilicet
644 4474 715 4537 regni
734 4475 858 4540 partibas,
876 4475 925 4524 duo
944 4491 1019 4538 reges
1037 4480 1166 4526 certantes
1185 4489 1297 4524 nummos
1315 4473 1423 4525 cudisse.
1445 4472 1494 4522 Sed
1507 4488 1579 4539 quam
1593 4475 1705 4524 incertis

348 4559 518 4611 laudamentis
545 4560 708 4610 coniecturae
730 4561 792 4610 illae
815 4562 945 4624 nitantur,
970 4561 1025 4626 ipsa
1049 4576 1134 4610 earum
1157 4561 1296 4610 diversitas
1318 4560 1383 4609 satis
1405 4559 1528 4609 declarat.
1563 4558 1589 4608 ln
1613 4567 1704 4610 nostro

349 4661 434 4697 museo
453 4647 495 4712 qni
512 4647 683 4697 adservantur
701 4648 789 4696 horum
808 4662 930 4696 annorum
949 4648 1054 4710 nummi,
1076 4647 1177 4698 scilicet
1194 4663 1216 4697 a.
1230 4647 1288 4696 285.
1302 4645 1359 4695 286.
1379 4645 1428 4695 287
1446 4645 1541 4711 aliique
1560 4647 1705 4713 complures

348 4750 403 4784 cnm
421 4733 478 4783 anni
499 4739 557 4783 nota
577 4732 727 4784 oblitterata
747 4741 791 4783 aut
807 4747 836 4783 ea
849 4732 977 4796 destituti,
995 4748 1068 4782 unam
1081 4732 1161 4784 solam
1174 4732 1264 4783 faeiem
1278 4747 1363 4783 omnes
1377 4731 1497 4784 videntur
1507 4733 1609 4799 habere,
1627 4735 1705 4785 nimi-

348 4836 403 4870 rum
423 4819 547 4871 Phraatis.
