3812 5580
813 445 847 514 V,
865 447 972 503 36-38
1506 452 1568 516 123

216 627 428 690 commentario
449 627 581 707 adlegato
603 626 699 709 posui,
722 627 770 688 hio
784 645 837 706 per
850 626 978 688 indieem
993 626 1116 707 repetivi
1130 625 1249 702 insertis
1264 627 1301 689 iis
1315 647 1433 709 quoque
1448 628 1570 691 ooloniis

216 740 371 811 quattuor,
404 749 530 810 quarum
564 748 741 811 quamquam
769 739 908 792 neutrum
937 749 1046 792 nomen
1076 730 1215 804 traditur,
1248 732 1365 795 aliunde
1392 741 1509 795 oonetat
1534 733 1571 794 alr

215 833 349 914 Augusto
371 834 510 897 deductas
532 852 611 896 esse:

583 939 610 997 1.
644 934 819 1008 Ariminum,
842 935 982 1016 Augusta.

582 1037 611 1100 2.
644 1040 755 1100 Ateste.

583 1142 612 1202 3.
645 1141 775 1223 Augusta
797 1141 955 1205 Praetoria.

473 1283 479 1296 ·
583 1246 612 1306 4.
645 1245 718 1307 lulia
739 1247 870 1326 Augusta
890 1245 1098 1309 Taurinorum.

582 1349 611 1411 5.
645 1349 855 1424 Beneventum,
878 1350 950 1412 lulia
971 1351 1111 1430 Augusta.

582 1451 611 1514 6.
646 1451 787 1515 Bononia.

584 1557 613 1616 7.
647 1553 754 1630 Brixia,
776 1555 917 1636 Augusta.

582 1656 611 1720 8.
644 1657 751 1739 Capua,
773 1659 846 1721 lulia
866 1659 1007 1739 Augusta.

583 1761 613 1822 9.
647 1761 782 1824 Castrum
804 1781 912 1824 norum
937 1761 1080 1838 Etruriae,
1101 1762 1182 1823 lulia.

564 1865 612 1926 10.
646 1862 818 1940 Concordia,
840 1866 922 1928 lulia.

565 1966 613 2027 11.
649 1964 937 2048 Consentium.

565 2069 613 2130 12.
647 2069 783 2144 Dertona,
805 2071 887 2133 lulia.

565 2172 613 2233 13.
647 2173 760 2236 Fanum
783 2173 938 2248 Fortunae,
960 2175 1042 2236 lulia.

565 2276 613 2336 14.
646 2275 768 2338 Falerio.

566 2380 614 2440 15.
648 2379 826 2460 Hispellum,
844 2381 926 2444 lulla.

565 2484 612 2545 16.
647 2484 745 2546 Lucus
765 2483 916 2558 Feroniae,
939 2485 1020 2546 lulia.

568 2588 616 2648 11.
650 2587 826 2650 Minturnae.

566 2690 615 2753 18.
648 2690 730 2765 Ν111,
753 2692 892 2772 Augusta.

565 2795 614 2856 19.
647 2793 828 2870 Parentium,
851 2795 932 2857 lulla.

565 2895 616 2960 20.
650 2896 765 2973 Parma,
787 2899 860 2960 lulia
882 2899 1021 2978 Augusta.

566 2999 616 3060 21.
650 2999 743 3075 Pisae,
767 3002 848 3064 lulla.

557 3103 617 3166 .22.
650 3103 816 3177 Pisaurum,
838 3103 919 3166 lulia.

564 3206 615 3267 23.
649 3207 728 3280 Pola,
751 3207 832 3269 lulia.

565 3309 615 3371 21.
651 3310 743 3372 Saena
766 3307 819 3390 (i),
843 3310 924 3374 lulio.

566 3411 616 3474 25.
650 3415 730 3486 Sora,
753 3413 835 3476 lulla.

565 3515 615 3578 26.
650 3516 767 3590 Suessa,
790 3516 872 3578 Iulia.

564 3617 615 3679 27.
648 3619 790 3692 Sutrium,
812 3619 892 3682 Iulia.

566 3719 616 3784 28.
651 3722 757 3796 Tuder,
781 3723 862 3784 Iulia.

566 3824 616 3886 29.
650 3825 819 3898 Venafrum,
841 3824 913 3886 lulia
935 3825 1065 3904 Augusta

220 3925 258 3986 ad
281 3943 354 4006 quas
376 3935 496 4007 propter
517 3927 663 4009 Illyricum
686 3937 746 3990 tres
770 3927 924 3990 minimum
948 3928 1096 3990 addendae
1118 3935 1202 3989 sunt:

566 4031 616 4094 30.
649 4031 772 4105 Emona,
795 4031 876 4093 lulia.

565 4133 616 4195 31.
648 4134 740 4196 lader.

566 4234 616 4297 32.
651 4235 782 4310 8111111,
805 4235 887 4298 lulia.

322 4336 556 4400 Consentaneum
580 4348 626 4401 est
648 4339 703 4401 hoe
724 4338 819 4400 indice
842 4338 1057 4419 duodetriginta
1079 4339 1207 4401 colonias
1222 4337 1401 4418 abdugusto
1417 4337 1577 4400 intellectas

222 4456 325 4500 omnes
354 4449 406 4502 aut
434 4443 494 4503 1111
523 4461 626 4505 omnes
655 4440 878 4523 comprehendi,
908 4442 959 4503 sed
986 4442 1057 4505 item
1080 4443 1191 4522 aliquot
1212 4443 1343 4504 civitates
1365 4441 1396 4503 in
1419 4461 1453 4503 eo
1476 4441 1578 4503 reterri

221 4560 258 4603 ex
286 4543 335 4604 illo
362 4561 487 4606 numero
515 4546 694 4609 eximendos.
738 4547 795 4608 Fae
822 4565 965 4626 quaenam
993 4545 1053 4607 sint
1074 4544 1206 4625 quaestio
1229 4563 1324 4623 neque
1346 4545 1433 4606 huius
1454 4543 1510 4606 loci
1533 4553 1579 4606 est

221 4663 277 4706 nee
303 4654 336 4708 ut
364 4665 427 4708 mea
450 4651 506 4710 lert
528 4649 627 4729 opinio
650 4658 728 4712 reete
750 4649 823 4711 solvi
844 4658 958 4730 potest;
986 4667 1077 4728 quare
1098 4648 1190 4728 magis
1211 4648 1305 4728 plaeet
1327 4667 1390 4710 rem
1412 4648 1443 4710 in
1465 4647 1578 4710 incerto

221 4748 386 4829 relinquere
408 4769 495 4831 quam
519 4753 680 4833 speciosam
703 4752 887 4816 concordiam
911 4751 1093 4832 argumentis
1114 4769 1218 4831 parum
1243 4749 1345 4812 solidis
1367 4751 1491 4813 efficere.
