3812 5580
337 429 400 498 198
949 423 1083 482 vnnsro

262 683 267 694 ,
334 608 430 671 rautia
444 607 539 688 qualis
561 605 650 668 luerit
671 604 866 686 perspicietur
892 613 922 666 et
954 624 989 666 ex
1021 606 1136 668 delectu
1163 605 1338 679 verborum,
1365 624 1424 685 quo
1452 607 1482 667 in
1508 602 1702 684 expendendo

335 712 423 774 etiam
447 712 475 772 id
491 709 677 791 apertissime
693 707 818 770 elucebit
832 707 940 787 quibus
956 707 1070 769 auxiliis
1085 707 1133 768 ille
1148 708 1178 768 iu
1194 710 1334 771 vertendo
1350 727 1423 770 usus
1439 709 1486 781 sit,
1502 716 1532 769 et
1547 727 1583 768 ex
1598 707 1702 786 singu-

337 816 431 878 larum
451 812 640 894 quorundum
665 811 811 873 sermonis
834 810 935 872 Graeci
957 811 1055 890 logum
1080 811 1172 890 magis
1188 812 1322 874 minusve
1338 811 1492 874 subtilium
1508 809 1701 890 neglectione.

434 913 477 979 ‘lu
511 915 607 978 verbis
636 914 777 994 eligendis
811 915 839 976 ei
867 913 917 993 qui
945 913 1048 976 Latine
1081 914 1189 995 scripta
1219 917 1326 978 Graece
1354 915 1442 978 vertit
1479 914 1538 976 duo
1576 913 1703 974 maxime

336 1020 493 1102 spectanda
521 1027 604 1092 sunt,
637 1021 767 1098 primum
799 1035 836 1078 ne
865 1017 1017 1098 scriptoris
1046 1017 1161 1098 linguae
1191 1019 1282 1081 nimis
1310 1018 1455 1081 obnoxius
1478 1017 1580 1080 Latine
1609 1015 1703 1096 magis

337 1143 425 1205 quam
455 1123 563 1185 Graece
596 1121 718 1195 scribat,
751 1120 856 1182 deinde
884 1129 917 1182 ut
945 1119 1069 1199 singulis
1099 1122 1247 1185 vocabulis
1276 1122 1388 1185 Latinis
1417 1141 1470 1184 sua
1503 1139 1637 1201 quaeque
1669 1138 1704 1180 ac

334 1228 452 1309 propria
475 1226 584 1288 Graeca
607 1225 711 1286 reddat
737 1224 949 1305 perponderata
972 1223 1095 1303 siugulis
1124 1225 1195 1287 locis
1223 1225 1435 1288 sententiarum
1459 1224 1486 1284 vi
1515 1243 1549 1286 ac
1571 1221 1703 1284 necessi-

335 1330 447 1393 tudine.
497 1329 642 1390 Neutrum
671 1327 743 1389 satis
771 1325 884 1389 curavit
910 1327 1055 1407 interpres
1077 1329 1263 1408 ancyranus,
1292 1327 1343 1408 qui
1371 1325 1461 1389 nimis
1483 1326 1585 1387 Latine
1616 1322 1705 1385 vertit

336 1433 422 1508 2,18
453 1429 646 1514 ἐψηφίσατο
673 1424 692 1513 ή
723 1427 901 1512 σύγκλητος
928 1431 1026 1504 θεοῖς
1050 1429 1122 1493 δεῖν
1150 1429 1301 1494 θόεσθαι
1332 1431 1468 1512 (decrevit
1494 1439 1610 1491 εεαοίαε
1633 1447 1698 1508 ιαμ·

332 1536 500 1618 pliccndum
521 1555 579 1598 esse
601 1533 674 1613 dis);
705 1533 733 1608 3,
758 1532 799 1594 22
823 1525 1028 1613 συνάρχοντα
1050 1529 1149 1608 αὐτός
1176 1531 1244 1597 ἀπό
1270 1535 1327 1614 τῆς
1355 1529 1536 1617 συγκλήτου
1564 1525 1704 1614 αἰτήσας

336 1636 467 1720 ἔλαβον,
492 1637 542 1700 ubi
557 1637 613 1698 etsi
629 1635 732 1698 Latina
754 1655 814 1698 non
831 1644 1000 1716 supersunt,
1024 1636 1116 1698 conici
1132 1645 1229 1700 umen
1246 1647 1344 1719 potest
1365 1638 1519 1720 scripsisse
1535 1637 1702 1716 Augustum

300 1740 307 1757 '
332 1747 402 1826 petii
415 1763 434 1805 ο
448 1753 562 1814 ecculm
586 1741 615 1813 5,
632 1739 651 1802 8
668 1735 765 1817 εὐχάς
785 1733 1034 1819 ἀναλαμβάνειν
1057 1745 1136 1816 (uoto
1156 1741 1324 1822 umcipere);
1350 1744 1378 1816 5,
1395 1742 1435 1805 20
1458 1735 1704 1824 ἀρχιερωσύνην

336 1846 534 1928 καταφέρειν
558 1842 761 1921 (τοιονδοίίκω
784 1841 928 1922 deferre);
957 1843 986 1916 5,
1003 1842 1042 1903 21
1072 1843 1120 1916 είς
1141 1841 1200 1908 τόν
1220 1846 1279 1909 τοῦ
1304 1843 1422 1919 ζῶντος
1443 1841 1549 1908 τόπον
1574 1843 1618 1922 (in
1644 1844 1707 1902 υιύι·

336 1949 466 2030 οοοίερσι
490 1948 613 2027 λοοιιοι),
642 1964 822 2028 quamquam
852 1945 913 2008 scio
944 1941 1038 2030 τόπῳ
1072 1946 1162 2021 τινός
1190 1969 1245 2030 pro
1278 1945 1352 2012 άντί
1386 1970 1475 2022 τινος
1508 1947 1597 2009 etiam
1630 1944 1703 2006 alios

336 2055 507 2134 posterioris
530 2053 633 2114 aetatis
655 2050 815 2130 scriptores
840 2048 963 2124 dixisse3
986 2051 1014 2124 6,
1032 2052 1051 2113 2
1073 2049 1265 2127 πολιτικαῖς
1286 2061 1449 2134 ταραχαῖς
1472 2049 1591 2131 (delium
1612 2048 1703 2121 αὐιλε,

336 2157 416 2236 quod
446 2156 555 2217 rectius
588 2157 616 2228 1,
645 2153 685 2215 19
713 2150 894 2235 ἐμφυλίους
928 2151 1097 2237 πολέμους
1131 2157 1304 2237 expressit);
1338 2158 1407 2232 ‘1‚5
1438 2150 1477 2238 ἢν
1509 2151 1704 2216 κεκλεῖσθαι

337 2253 507 2340 ἢθέλιησαν
531 2256 685 2330 (cloacarum
700 2256 882 2332 οοίοεειιιιι);
906 2257 955 2330 11,
972 2258 990 2318 7
1015 2252 1083 2319 άπὸ
1103 2253 1228 2341 Ῥώμης
1239 2255 1409 2343 Ἀρίμινον
1431 2257 1539 2320 omissa
1555 2256 1603 2330 είς
1617 2275 1704 2337 prae-

336 2359 497 2440 positione3
522 2356 607 2431 11‚3
630 2354 665 2418 ἐκ
689 2355 847 2422 πλείστου
874 2361 993 2440 μέρους
1020 2369 1051 2422 et
1075 2362 1180 2435 15,15
1204 2359 1239 2423 ἐκ
1261 2359 1414 2445 μείζονος
1441 2357 1560 2443 μέρους
1587 2363 1704 2440 (mapsa

337 2480 375 2525 τω
391 2460 504 2543 μανία),
528 2454 673 2534 11,1’1ά
693 2482 753 2543 μοι
767 2464 905 2546 κατέστη
928 2460 1022 2539 ἕγγός
1044 2461 1218 2546 μυριάδων
1239 2464 1305 2528 κτλ’
1327 2465 1412 2547 (patae
1426 2465 1496 2528 malti
1519 2467 1704 2528 cmostitmcnt

339 2595 380 2638 μς
403 2569 512 2628 orditer
539 2564 690 2638 militenen
722 2565 806 2641 16,7
835 2563 901 2650 πρό
931 2563 1013 2648 ἐμοῦ
1040 2561 1199 2650 ἡγεμόνος
1221 2570 1300 2650 (onte
1320 2587 1364 2630 me
1385 2565 1571 2648 proscipere),
1593 2584 1703 2645 quam-

337 2689 427 2754 quam
454 2669 511 2730 hoc
538 2686 597 2747 quo
626 2666 715 2729 modo
741 2669 873 2733 excusari
899 2669 993 2751 possit
1015 2679 1149 2751 apertum
1173 2681 1233 2747 est;
1260 2671 1346 2746 3,15
1373 2665 1627 2752 όμολογοόντων
1649 2673 1703 2729 tva

337 2770 563 2854 χειροτονηθῶ
592 2769 842 2848 (comemtmcttos
869 2774 935 2852 [ια.
953 2774 1012 2850 ..1)
1043 2775 1174 2854 itemque
1207 2776 1235 2850 5,
1264 2777 1303 2837 17
1337 2771 1427 2857 νόμῳ
1458 2768 1612 2856 ἐκυριόθη
1647 2775 1703 2833 ίνα

339 2869 469 2957 ἳερόςῶ
491 2875 702 2954 (εοαοεοκοικε
730 2881 775 2938 cti
797 2895 884 2940 essem
913 2876 962 2938 loc
994 2877 1054 2939 loto
1076 2877 1138 2958 cst).
1183 2878 1248 2942 Huc
1261 2879 1359 2940 'etiam
1380 2876 1452 2938 illud
1474 2875 1604 2957 pertinet
1624 2875 1703 2955 quod

338 2980 472 3043 abutitur
505 2979 587 3040 nudo
620 2976 717 3039 dativo
746 2979 782 3041 ad
815 2978 955 3041 ablativos
978 2979 1098 3042 Latinos
1125 2982 1304 3056 reddendos,
1336 2979 1464 3042 maxime
1492 2979 1524 3039 in
1546 2979 1701 3040 consulatu

338 3082 505 3146 denotando
528 3080 621 3163 (velut
643 3077 709 3153 9,4
737 3084 882 3166 Τιβερίῳ
907 3083 1035 3161 Νέρωνι
1058 3079 1115 3144 καὶ
1136 3077 1231 3167 Notior
1254 3086 1400 3147 Πείσωνι
1423 3076 1593 3162 ὑπάτοις),
1616 3100 1703 3162 prae·

338 3195 418 3249 terea
447 3183 559 3259 16,12
587 3179 680 3263 ἐμοῖς
710 3182 837 3258 αλσίοις
865 3185 999 3258 οίωνοΐς
1029 3187 1110 3268 (υιεέε
1135 3188 1294 3268 despicias),
1326 3186 1431 3259 15,1“1
1459 3182 1702 3266 προκατειλημ-

338 3291 438 3371 μένας
464 3283 599 3370 πολέμῳ
627 3283 769 3372 δουλικῷ
799 3287 862 3350 scil.
889 3286 1047 3353 Σικελίαν
1073 3288 1129 3351 καὶ
1158 3286 1277 3374 Σαρδιό
1304 3290 1471 3370 (occupatos
1495 3285 1566 3350 lello
1589 3287 1701 3364 rivoli),-

340 3395 368 3464 1,
385 3394 422 3454 11
455 3386 649 3474 ἀμφοτέρων
676 3391 742 3454 τῶν
768 3386 908 3454 δπάτων
935 3387 1069 3475 πολέμῳ
1103 3390 1326 3456 πεπτωκότων
1355 3397 1432 3468 (mem
1462 3389 1559 3453 consul
1585 3402 1702 3472 uterque

339 3496 411 3559 delio
439 3493 605 3574 cecidisset),
634 3495 758 3558 debebat
779 3493 815 3557 ἐν
845 3492 997 3576 πολέμῳ;
1023 3495 1108 3568 1,18
1136 3493 1189 3569 δὶς
1210 3493 1346 3579 ἐνίκησα
1368 3491 1554 3574 παρατάξει
1576 3494 1645 3574 (cici
1662 3494 1703 3556 511

339 3600 421 3681 octe),
441 3617 621 3680 quamquam
637 3599 685 3662 hic
699 3617 784 3662 error
798 3617 863 3661 esse
878 3607 976 3679 potest
997 3597 1152 3679 lapicidae3
1174 3609 1253 3662 recte
1267 3600 1373 3680 legitur
1398 3601 1446 3672 14,
1463 3598 1503 3662 20
1518 3599 1703 3680 κατέκοψεν

339 3701 376 3766 ἐν
403 3697 603 3782 παρατάξεις
631 3702 677 3764 bis
704 3703 830 3782 denique
857 3701 937 3782 quod
958 3701 1110 3781 Augustus
1139 3703 1297 3783 scripserat
1318 3723 1383 3766 eum
1409 3701 1557 3766 consulari
1582 3704 1703 3782 impendo

338 3806 387 3867 ille
422 3804 535 3880 (4,16.
559 3804 619 3885 21)
655 3805 864 3886 interpretatus
899 3813 943 3866 est
978 3799 1126 3894 όπατικῇ
1157 3803 1301 3885 ἐξουσίᾳ.
1353 3805 1486 3868 Pertinet
1521 3805 1580 3866 huc
1612 3803 1700 3866 etiam

339 3908 563 3992 participiorum
594 3927 667 3971 usus
697 3910 734 3971 ad
767 3909 968 3976 Romanorum
1002 3909 1245 3972 consuetudinem
1277 3909 1452 3990 plerumque
1487 3910 1700 3987 frequentatus,

340 4013 435 4086 velut,
466 4021 501 4075 ut
522 4030 618 4074 unum
641 4031 678 4074 ex
700 4011 803 4074 multis
825 4015 972 4093 proteram
993 4012 1160 4092 exemplum
1185 4014 1234 4091 11,
1253 4011 1291 4073 12
1309 4013 1455 4094 θέατρον
1474 4009 1532 4073 ἐπὶ
1556 4006 1702 4093 ἐδάφους

340 4111 375 4178 ἐκ
399 4113 558 4177 πλείστου
581 4115 699 4196 μέρους
721 4109 968 4198 άγορασθέντος
990 4109 1163 4198 ἀνήγειρας
1190 4134 1257 4178 raro
1278 4134 1347 4177 vero
1374 4114 1440 4177 talia
1462 4114 1498 4176 ad
1522 4113 1700 4175 Graecorum

339 4219 417 4298 leges
440 4226 586 4291 correcta,
615 4218 695 4281 velut
718 4218 802 4293 13,6
829 4213 852 4282 δ
875 4217 948 4297 λδίᾳ
970 4218 1057 4298 εἶχεν
1080 4214 1295 4301 ἱεροσυλήσας
1322 4217 1408 4301 (poco
1434 4219 1562 4300 spoliatis
1589 4218 1703 4298 templis

337 4319 526 4403 possederat).
564 4321 701 4384 Latinum
720 4322 812 4402 magis
827 4341 915 4403 quam
933 4321 1076 4383 Graecum
1093 4339 1181 4383 usum
1197 4323 1301 4403 resipit
1322 4322 1497 4384 vocabulum
1521 4317 1703 4404 πράγματα

340 4420 571 4498 2,15.16δια“
592 4423 634 4487 τά
656 4421 836 4508 πράγματα
859 4426 897 4502 (si
918 4426 990 4487 haec
1011 4434 1090 4487 recte
1113 4425 1246 4506 suppleta
1269 4426 1353 4506 sunt)
1376 4419 1632 4508 άκατιόρθωσα
1653 4423 1701 4507 (ob

339 4547 386 4591 res
408 4546 485 4590 ome
496 4545 631 4609 prospere
644 4527 749 4612 pestus)
764 4539 795 4592 et
810 4531 839 4604 5,
855 4529 884 4592 6.
901 4530 919 4590 7
943 4526 1078 4591 πολλῶν
1098 4526 1300 4611 πραγμάτων
1317 4532 1451 4613 μίμημα
1471 4526 1615 4611 ἐμαυτόν
1628 4537 1701 4602 τοῖς

341 4632 519 4714 μετέπειτα
542 4629 721 4713 παρέδωκα
737 4633 807 4715 (lpse
821 4634 980 4696 mulorum
1002 4651 1103 4694 καιτοι
1123 4633 1256 4716 εοεωρίο
1277 4634 1415 4696 intanto
1432 4635 1555 4714 posteris
1570 4631 1700 4711 trodidc).

340 4735 474 4816 lienique
497 4735 694 4798 memorabilis
717 4747 762 4799 est
783 4735 995 4818 interpretandi
1017 4735 1092 4798 ratio
1116 4738 1144 4811 1,
1161 4740 1189 4799 4.
1206 4739 1241 4798 5:
1269 4736 1388 4817 scripsit
1409 4737 1560 4816 Augustus
1585 4745 1703 4798 εειιοτια

342 4841 458 4903 doctis
480 4837 644 4920 honorificis
664 4843 696 4902 in
718 4840 845 4906 ordinem
866 4859 949 4905 ειικιο
973 4858 1016 4902 me
1038 4839 1154 4920 οδίτρίι,
1185 4858 1259 4919 quae
1280 4839 1329 4902 ille
1351 4858 1411 4902 non
1433 4839 1552 4920 quidem
1574 4839 1613 4901 ad
1634 4857 1702 4902 rer-
