<?xml version="1.0" encoding="UTF-8"?>
<!DOCTYPE html PUBLIC "-//W3C//DTD XHTML 1.0 Transitional//EN"
    "http://www.w3.org/TR/xhtml1/DTD/xhtml1-transitional.dtd">
<html xmlns="http://www.w3.org/1999/xhtml" xml:lang="en" lang="en">
 <head>
  <title>
</title>
<meta http-equiv="Content-Type" content="text/html;charset=utf-8" />
  <meta name='ocr-system' content='tesseract 3.04.00' />
  <meta name='ocr-capabilities' content='ocr_page ocr_carea ocr_par ocr_line ocrx_word'/>
</head>
<body>
  <div class='ocr_page' id='page_1' title='image "./resgestaediviau03augugoog_0220.png"; bbox 0 0 3812 5580; ppageno 0'>
   <div class='ocr_carea' id='block_1_1' title="bbox 694 451 1573 522">
    <p class='ocr_par' dir='ltr' id='par_1_1' title="bbox 694 451 1573 522">
     <span class='ocr_line' id='line_1_1' title="bbox 694 451 1573 522; baseline 0.018 -16"><span class='ocrx_word' id='word_1_1' title='bbox 694 451 851 510; x_wconf 75' lang='lat' dir='ltr'>rtrvnvs</span> <span class='ocrx_word' id='word_1_2' title='bbox 870 451 1094 509; x_wconf 69' lang='lat' dir='ltr'>mensurnus</span> <span class='ocrx_word' id='word_1_3' title='bbox 1511 458 1573 522; x_wconf 81' lang='grc'>173</span> 
     </span>
    </p>
   </div>
   <div class='ocr_carea' id='block_1_2' title="bbox 129 633 1577 2775">
    <p class='ocr_par' dir='ltr' id='par_1_2' title="bbox 129 633 1577 2775">
     <span class='ocr_line' id='line_1_2' title="bbox 217 633 1574 715; baseline 0.001 -20"><span class='ocrx_word' id='word_1_4' title='bbox 217 633 338 696; x_wconf 79' lang='lat' dir='ltr'>Caesare</span> <span class='ocrx_word' id='word_1_5' title='bbox 369 633 435 696; x_wconf 86' lang='lat' dir='ltr'>deta</span> <span class='ocrx_word' id='word_1_6' title='bbox 466 653 498 695; x_wconf 90' lang='lat' dir='ltr'>se</span> <span class='ocrx_word' id='word_1_7' title='bbox 525 633 672 714; x_wconf 75' lang='grc'>55555111.</span> <span class='ocrx_word' id='word_1_8' title='bbox 696 651 721 694; x_wconf 92' lang='grc'>5.</span> <span class='ocrx_word' id='word_1_9' title='bbox 745 653 769 693; x_wconf 95' lang='grc'>5.</span> <span class='ocrx_word' id='word_1_10' title='bbox 794 633 857 714; x_wconf 88' lang='grc'>80).</span> <span class='ocrx_word' id='word_1_11' title='bbox 901 635 1003 715; x_wconf 83' lang='lat' dir='ltr'>Neque</span> <span class='ocrx_word' id='word_1_12' title='bbox 1025 633 1055 696; x_wconf 91' lang='lat' dir='ltr'>iu</span> <span class='ocrx_word' id='word_1_13' title='bbox 1079 643 1139 696; x_wconf 87' lang='lat' dir='ltr'>tcta</span> <span class='ocrx_word' id='word_1_14' title='bbox 1162 635 1329 696; x_wconf 76' lang='lat' dir='ltr'>narratione</span> <span class='ocrx_word' id='word_1_15' title='bbox 1351 634 1437 715; x_wconf 91' lang='lat' dir='ltr'>legati</span> <span class='ocrx_word' id='word_1_16' title='bbox 1460 635 1574 698; x_wconf 84' lang='lat' dir='ltr'>Ciliciae</span> 
     </span>
     <span class='ocr_line' id='line_1_3' title="bbox 217 735 1575 820; baseline 0.001 -22"><span class='ocrx_word' id='word_1_17' title='bbox 217 737 329 799; x_wconf 91' lang='lat' dir='ltr'>mentio</span> <span class='ocrx_word' id='word_1_18' title='bbox 351 737 394 811; x_wconf 89' lang='grc'>111,</span> <span class='ocrx_word' id='word_1_19' title='bbox 417 756 492 817; x_wconf 88' lang='lat' dir='ltr'>quae</span> <span class='ocrx_word' id='word_1_20' title='bbox 514 735 611 798; x_wconf 89' lang='lat' dir='ltr'>omitti</span> <span class='ocrx_word' id='word_1_21' title='bbox 633 755 693 798; x_wconf 93' lang='lat' dir='ltr'>non</span> <span class='ocrx_word' id='word_1_22' title='bbox 717 737 822 818; x_wconf 92' lang='lat' dir='ltr'>potuit,</span> <span class='ocrx_word' id='word_1_23' title='bbox 845 737 870 799; x_wconf 94' lang='lat' dir='ltr'>si</span> <span class='ocrx_word' id='word_1_24' title='bbox 894 738 999 800; x_wconf 89' lang='grc'>1515551</span> <span class='ocrx_word' id='word_1_25' title='bbox 1020 757 1055 798; x_wconf 90' lang='grc'>55</span> <span class='ocrx_word' id='word_1_26' title='bbox 1078 746 1219 817; x_wconf 87' lang='lat' dir='ltr'>tempore,</span> <span class='ocrx_word' id='word_1_27' title='bbox 1242 757 1338 818; x_wconf 90' lang='lat' dir='ltr'>neque</span> <span class='ocrx_word' id='word_1_28' title='bbox 1352 737 1453 800; x_wconf 87' lang='lat' dir='ltr'>Pisoni</span> <span class='ocrx_word' id='word_1_29' title='bbox 1474 747 1575 820; x_wconf 82' lang='lat' dir='ltr'>postes</span> 
     </span>
     <span class='ocr_line' id='line_1_4' title="bbox 215 839 1574 922; baseline 0.001 -20"><span class='ocrx_word' id='word_1_30' title='bbox 215 841 343 903; x_wconf 92' lang='lat' dir='ltr'>obicitur</span> <span class='ocrx_word' id='word_1_31' title='bbox 364 858 433 903; x_wconf 90' lang='lat' dir='ltr'>eum</span> <span class='ocrx_word' id='word_1_32' title='bbox 455 839 636 921; x_wconf 87' lang='lat' dir='ltr'>provinciam</span> <span class='ocrx_word' id='word_1_33' title='bbox 660 840 783 902; x_wconf 83' lang='lat' dir='ltr'>alienum</span> <span class='ocrx_word' id='word_1_34' title='bbox 807 840 956 915; x_wconf 87' lang='lat' dir='ltr'>invasisse,</span> <span class='ocrx_word' id='word_1_35' title='bbox 979 842 1030 903; x_wconf 90' lang='lat' dir='ltr'>sed</span> <span class='ocrx_word' id='word_1_36' title='bbox 1051 861 1135 904; x_wconf 82' lang='grc'>55515</span> <span class='ocrx_word' id='word_1_37' title='bbox 1157 846 1246 904; x_wconf 78' lang='lat' dir='ltr'>armis</span> <span class='ocrx_word' id='word_1_38' title='bbox 1266 846 1427 922; x_wconf 76' lang='lat' dir='ltr'>repetivisse</span> <span class='ocrx_word' id='word_1_39' title='bbox 1450 843 1521 920; x_wconf 88' lang='grc'>(1.5.</span> <span class='ocrx_word' id='word_1_40' title='bbox 1545 843 1574 916; x_wconf 89' lang='lat'>3,</span> 
     </span>
     <span class='ocr_line' id='line_1_5' title="bbox 220 943 1576 1025; baseline 0.001 -21"><span class='ocrx_word' id='word_1_41' title='bbox 220 944 269 1004; x_wconf 93' lang='grc'>12.</span> <span class='ocrx_word' id='word_1_42' title='bbox 295 945 347 1020; x_wconf 91' lang='grc'>16)</span> <span class='ocrx_word' id='word_1_43' title='bbox 376 952 406 1006; x_wconf 90' lang='grc'>51</span> <span class='ocrx_word' id='word_1_44' title='bbox 433 944 536 1006; x_wconf 85' lang='lat' dir='ltr'>bellum</span> <span class='ocrx_word' id='word_1_45' title='bbox 559 947 724 1024; x_wconf 82' lang='lat' dir='ltr'>prouinciae</span> <span class='ocrx_word' id='word_1_46' title='bbox 750 943 879 1006; x_wconf 80' lang='grc'>1511511555</span> <span class='ocrx_word' id='word_1_47' title='bbox 906 944 984 1019; x_wconf 83' lang='grc'>(1.5.</span> <span class='ocrx_word' id='word_1_48' title='bbox 1014 944 1043 1016; x_wconf 87' lang='lat'>3,</span> <span class='ocrx_word' id='word_1_49' title='bbox 1068 945 1129 1023; x_wconf 89' lang='grc'>14).</span> <span class='ocrx_word' id='word_1_50' title='bbox 1178 945 1252 1006; x_wconf 87' lang='lat' dir='ltr'>llem</span> <span class='ocrx_word' id='word_1_51' title='bbox 1281 945 1494 1025; x_wconf 77' lang='lat' dir='ltr'>expeditionem</span> <span class='ocrx_word' id='word_1_52' title='bbox 1523 945 1576 1006; x_wconf 94' lang='lat' dir='ltr'>ad-</span> 
     </span>
     <span class='ocr_line' id='line_1_6' title="bbox 216 1046 1574 1128; baseline 0 -20"><span class='ocrx_word' id='word_1_53' title='bbox 216 1066 318 1110; x_wconf 90' lang='lat' dir='ltr'>versus</span> <span class='ocrx_word' id='word_1_54' title='bbox 341 1046 430 1109; x_wconf 79' lang='lat' dir='ltr'>Clitas</span> <span class='ocrx_word' id='word_1_55' title='bbox 457 1047 487 1107; x_wconf 92' lang='lat' dir='ltr'>in</span> <span class='ocrx_word' id='word_1_56' title='bbox 510 1047 608 1108; x_wconf 91' lang='lat' dir='ltr'>Cilicia</span> <span class='ocrx_word' id='word_1_57' title='bbox 635 1065 737 1127; x_wconf 82' lang='lat' dir='ltr'>aspere</span> <span class='ocrx_word' id='word_1_58' title='bbox 760 1047 939 1109; x_wconf 84' lang='lat' dir='ltr'>simillimam</span> <span class='ocrx_word' id='word_1_59' title='bbox 963 1046 1181 1110; x_wconf 86' lang='lat' dir='ltr'>Homonadeusi</span> <span class='ocrx_word' id='word_1_60' title='bbox 1204 1047 1248 1109; x_wconf 93' lang='lat' dir='ltr'>bis</span> <span class='ocrx_word' id='word_1_61' title='bbox 1270 1067 1295 1108; x_wconf 92' lang='lat' dir='ltr'>a.</span> <span class='ocrx_word' id='word_1_62' title='bbox 1319 1068 1347 1128; x_wconf 91' lang='lat' dir='ltr'>p.</span> <span class='ocrx_word' id='word_1_63' title='bbox 1371 1047 1402 1108; x_wconf 90' lang='lat' dir='ltr'>C.</span> <span class='ocrx_word' id='word_1_64' title='bbox 1418 1047 1459 1110; x_wconf 89' lang='grc'>36</span> <span class='ocrx_word' id='word_1_65' title='bbox 1482 1057 1512 1110; x_wconf 91' lang='grc'>51</span> <span class='ocrx_word' id='word_1_66' title='bbox 1534 1049 1574 1110; x_wconf 99' lang='grc'>52</span> 
     </span>
     <span class='ocr_line' id='line_1_7' title="bbox 216 1150 1574 1231; baseline 0 -19"><span class='ocrx_word' id='word_1_67' title='bbox 216 1162 411 1231; x_wconf 84' lang='lat' dir='ltr'>susceperunt</span> <span class='ocrx_word' id='word_1_68' title='bbox 440 1150 540 1231; x_wconf 89' lang='lat' dir='ltr'>Syriae</span> <span class='ocrx_word' id='word_1_69' title='bbox 567 1152 618 1230; x_wconf 92' lang='lat' dir='ltr'>qui</span> <span class='ocrx_word' id='word_1_70' title='bbox 646 1169 680 1212; x_wconf 92' lang='grc'>55</span> <span class='ocrx_word' id='word_1_71' title='bbox 706 1159 840 1231; x_wconf 89' lang='lat' dir='ltr'>tempore</span> <span class='ocrx_word' id='word_1_72' title='bbox 867 1153 1059 1230; x_wconf 85' lang='lat' dir='ltr'>prueluerunt</span> <span class='ocrx_word' id='word_1_73' title='bbox 1087 1150 1118 1226; x_wconf 82' lang='grc'>11.</span> <span class='ocrx_word' id='word_1_74' title='bbox 1142 1170 1167 1212; x_wconf 93' lang='grc'>5.</span> <span class='ocrx_word' id='word_1_75' title='bbox 1197 1151 1226 1225; x_wconf 91' lang='grc'>6,</span> <span class='ocrx_word' id='word_1_76' title='bbox 1249 1152 1299 1211; x_wconf 91' lang='grc'>41.</span> <span class='ocrx_word' id='word_1_77' title='bbox 1325 1151 1374 1224; x_wconf 84' lang='grc'>12,</span> <span class='ocrx_word' id='word_1_78' title='bbox 1392 1153 1454 1227; x_wconf 91' lang='grc'>55).</span> <span class='ocrx_word' id='word_1_79' title='bbox 1499 1151 1574 1212; x_wconf 91' lang='lat' dir='ltr'>Pro-</span> 
     </span>
     <span class='ocr_line' id='line_1_8' title="bbox 216 1252 1574 1335; baseline 0.001 -20"><span class='ocrx_word' id='word_1_80' title='bbox 216 1254 298 1334; x_wconf 90' lang='lat' dir='ltr'>prius</span> <span class='ocrx_word' id='word_1_81' title='bbox 325 1264 423 1316; x_wconf 90' lang='lat' dir='ltr'>autem</span> <span class='ocrx_word' id='word_1_82' title='bbox 447 1253 563 1317; x_wconf 88' lang='lat' dir='ltr'>Ciliciae</span> <span class='ocrx_word' id='word_1_83' title='bbox 590 1254 702 1332; x_wconf 89' lang='lat' dir='ltr'>legatus</span> <span class='ocrx_word' id='word_1_84' title='bbox 730 1254 828 1314; x_wconf 90' lang='lat' dir='ltr'>nullus</span> <span class='ocrx_word' id='word_1_85' title='bbox 851 1253 1001 1316; x_wconf 85' lang='lat' dir='ltr'>invenitur</span> <span class='ocrx_word' id='word_1_86' title='bbox 1023 1261 1089 1315; x_wconf 87' lang='grc'>5515</span> <span class='ocrx_word' id='word_1_87' title='bbox 1113 1252 1322 1316; x_wconf 79' lang='lat' dir='ltr'>Cossutianum</span> <span class='ocrx_word' id='word_1_88' title='bbox 1346 1252 1516 1335; x_wconf 85' lang='lat' dir='ltr'>Capitonem</span> <span class='ocrx_word' id='word_1_89' title='bbox 1538 1273 1574 1316; x_wconf 82' lang='lat' dir='ltr'>en</span> 
     </span>
     <span class='ocr_line' id='line_1_9' title="bbox 216 1353 1576 1438; baseline -0.001 -19"><span class='ocrx_word' id='word_1_90' title='bbox 216 1356 315 1419; x_wconf 90' lang='lat' dir='ltr'>Cilicia</span> <span class='ocrx_word' id='word_1_91' title='bbox 342 1357 572 1438; x_wconf 90' lang='lat' dir='ltr'>repetundarum</span> <span class='ocrx_word' id='word_1_92' title='bbox 600 1364 770 1419; x_wconf 86' lang='lat' dir='ltr'>accusatum</span> <span class='ocrx_word' id='word_1_93' title='bbox 799 1375 824 1417; x_wconf 98' lang='grc'>5.</span> <span class='ocrx_word' id='word_1_94' title='bbox 847 1376 876 1436; x_wconf 88' lang='lat' dir='ltr'>p.</span> <span class='ocrx_word' id='word_1_95' title='bbox 899 1356 930 1417; x_wconf 92' lang='lat' dir='ltr'>C.</span> <span class='ocrx_word' id='word_1_96' title='bbox 955 1355 995 1418; x_wconf 87' lang='lat'>58</span> <span class='ocrx_word' id='word_1_97' title='bbox 1023 1356 1127 1435; x_wconf 85' lang='lat' dir='ltr'>(Tacit.</span> <span class='ocrx_word' id='word_1_98' title='bbox 1149 1373 1218 1417; x_wconf 92' lang='grc'>555.</span> <span class='ocrx_word' id='word_1_99' title='bbox 1244 1354 1292 1428; x_wconf 91' lang='grc'>13,</span> <span class='ocrx_word' id='word_1_100' title='bbox 1316 1353 1412 1434; x_wconf 64' lang='grc'>33)1).</span> <span class='ocrx_word' id='word_1_101' title='bbox 1435 1391 1476 1401; x_wconf 93' lang='grc'><strong>-</strong></span> <span class='ocrx_word' id='word_1_102' title='bbox 1501 1356 1576 1418; x_wconf 86' lang='lat' dir='ltr'>Huic</span> 
     </span>
     <span class='ocr_line' id='line_1_10' title="bbox 217 1457 1575 1541; baseline 0 -21"><span class='ocrx_word' id='word_1_103' title='bbox 217 1459 358 1540; x_wconf 91' lang='lat' dir='ltr'>opinioni,</span> <span class='ocrx_word' id='word_1_104' title='bbox 380 1459 509 1521; x_wconf 88' lang='lat' dir='ltr'>Ciliciam</span> <span class='ocrx_word' id='word_1_105' title='bbox 534 1479 568 1521; x_wconf 92' lang='grc' dir='ltr'>5ο</span> <span class='ocrx_word' id='word_1_106' title='bbox 592 1469 725 1539; x_wconf 90' lang='lat' dir='ltr'>tempore</span> <span class='ocrx_word' id='word_1_107' title='bbox 747 1459 803 1521; x_wconf 91' lang='lat' dir='ltr'>sub</span> <span class='ocrx_word' id='word_1_108' title='bbox 825 1459 957 1541; x_wconf 85' lang='lat' dir='ltr'>praeside</span> <span class='ocrx_word' id='word_1_109' title='bbox 979 1459 1078 1540; x_wconf 80' lang='lat' dir='ltr'>Syriae</span> <span class='ocrx_word' id='word_1_110' title='bbox 1100 1457 1201 1531; x_wconf 86' lang='lat' dir='ltr'>luisse,</span> <span class='ocrx_word' id='word_1_111' title='bbox 1225 1457 1294 1518; x_wconf 90' lang='lat' dir='ltr'>olim</span> <span class='ocrx_word' id='word_1_112' title='bbox 1318 1476 1335 1519; x_wconf 93' lang='lat' dir='ltr'>a</span> <span class='ocrx_word' id='word_1_113' title='bbox 1357 1458 1482 1521; x_wconf 88' lang='grc'>11555515</span> <span class='ocrx_word' id='word_1_114' title='bbox 1504 1479 1575 1539; x_wconf 90' lang='lat' dir='ltr'>pro-</span> 
     </span>
     <span class='ocr_line' id='line_1_11' title="bbox 215 1561 1572 1643; baseline 0 -20"><span class='ocrx_word' id='word_1_115' title='bbox 215 1563 327 1643; x_wconf 90' lang='lat' dir='ltr'>positae</span> <span class='ocrx_word' id='word_1_116' title='bbox 361 1581 539 1643; x_wconf 84' lang='lat' dir='ltr'>quamqusm</span> <span class='ocrx_word' id='word_1_117' title='bbox 574 1563 639 1624; x_wconf 90' lang='lat' dir='ltr'>sine</span> <span class='ocrx_word' id='word_1_118' title='bbox 672 1561 785 1625; x_wconf 90' lang='lat' dir='ltr'>idoneis</span> <span class='ocrx_word' id='word_1_119' title='bbox 812 1562 1009 1641; x_wconf 79' lang='lat' dir='ltr'>argumentis,</span> <span class='ocrx_word' id='word_1_120' title='bbox 1042 1562 1130 1623; x_wconf 89' lang='lat' dir='ltr'>hodie</span> <span class='ocrx_word' id='word_1_121' title='bbox 1157 1579 1240 1635; x_wconf 84' lang='lat' dir='ltr'>vero,</span> <span class='ocrx_word' id='word_1_122' title='bbox 1273 1569 1430 1641; x_wconf 84' lang='lat' dir='ltr'>postquem</span> <span class='ocrx_word' id='word_1_123' title='bbox 1460 1581 1512 1641; x_wconf 89' lang='lat' dir='ltr'>ego</span> <span class='ocrx_word' id='word_1_124' title='bbox 1542 1562 1572 1623; x_wconf 92' lang='grc'>15</span> 
     </span>
     <span class='ocr_line' id='line_1_12' title="bbox 129 1662 1576 1748; baseline 0.001 -22"><span class='ocrx_word' id='word_1_125' title='bbox 129 1743 131 1748; x_wconf 23' lang='grc' dir='ltr'>Ι</span> <span class='ocrx_word' id='word_1_126' title='bbox 216 1665 340 1746; x_wconf 83' lang='lat' dir='ltr'>epistula</span> <span class='ocrx_word' id='word_1_127' title='bbox 373 1666 409 1728; x_wconf 91' lang='lat' dir='ltr'>ad</span> <span class='ocrx_word' id='word_1_128' title='bbox 432 1667 651 1746; x_wconf 88' lang='lat' dir='ltr'>Bergmannum</span> <span class='ocrx_word' id='word_1_129' title='bbox 681 1685 746 1727; x_wconf 91' lang='lat' dir='ltr'>eam</span> <span class='ocrx_word' id='word_1_130' title='bbox 774 1666 889 1738; x_wconf 81' lang='lat' dir='ltr'>reduxi,</span> <span class='ocrx_word' id='word_1_131' title='bbox 923 1665 1011 1726; x_wconf 86' lang='lat' dir='ltr'>etiarn</span> <span class='ocrx_word' id='word_1_132' title='bbox 1038 1683 1055 1724; x_wconf 92' lang='lat' dir='ltr'>a</span> <span class='ocrx_word' id='word_1_133' title='bbox 1078 1662 1215 1743; x_wconf 88' lang='lat' dir='ltr'>Zumptio</span> <span class='ocrx_word' id='word_1_134' title='bbox 1242 1663 1436 1744; x_wconf 82' lang='grc'>(15595</span> <span class='ocrx_word' id='word_1_135' title='bbox 1461 1663 1518 1744; x_wconf 91' lang='lat' dir='ltr'>sq.)</span> <span class='ocrx_word' id='word_1_136' title='bbox 1546 1675 1576 1727; x_wconf 88' lang='lat' dir='ltr'>et</span> 
     </span>
     <span class='ocr_line' id='line_1_13' title="bbox 215 1765 1575 1850; baseline -0.001 -21"><span class='ocrx_word' id='word_1_137' title='bbox 215 1766 391 1850; x_wconf 89' lang='lat' dir='ltr'>Nipperdeic</span> <span class='ocrx_word' id='word_1_138' title='bbox 414 1769 462 1847; x_wconf 92' lang='lat' dir='ltr'>(ad</span> <span class='ocrx_word' id='word_1_139' title='bbox 486 1769 554 1830; x_wconf 85' lang='lat' dir='ltr'>Tac.</span> <span class='ocrx_word' id='word_1_140' title='bbox 577 1787 645 1830; x_wconf 83' lang='lat' dir='ltr'>ann.</span> <span class='ocrx_word' id='word_1_141' title='bbox 669 1767 698 1840; x_wconf 91' lang='grc'>2,</span> <span class='ocrx_word' id='word_1_142' title='bbox 715 1767 767 1844; x_wconf 84' lang='grc'>43)</span> <span class='ocrx_word' id='word_1_143' title='bbox 791 1768 945 1842; x_wconf 89' lang='lat' dir='ltr'>admissae,</span> <span class='ocrx_word' id='word_1_144' title='bbox 968 1767 1102 1829; x_wconf 89' lang='lat' dir='ltr'>Norisius</span> <span class='ocrx_word' id='word_1_145' title='bbox 1125 1771 1232 1843; x_wconf 89' lang='lat' dir='ltr'>(cenot.</span> <span class='ocrx_word' id='word_1_146' title='bbox 1256 1765 1315 1826; x_wconf 90' lang='lat' dir='ltr'>Pis.</span> <span class='ocrx_word' id='word_1_147' title='bbox 1337 1785 1366 1846; x_wconf 94' lang='lat' dir='ltr'>p.</span> <span class='ocrx_word' id='word_1_148' title='bbox 1383 1765 1457 1842; x_wconf 91' lang='grc'>219)</span> <span class='ocrx_word' id='word_1_149' title='bbox 1481 1785 1575 1848; x_wconf 88' lang='grc'>5555-</span> 
     </span>
     <span class='ocr_line' id='line_1_14' title="bbox 217 1868 1573 1952; baseline 0 -19"><span class='ocrx_word' id='word_1_150' title='bbox 217 1872 277 1934; x_wconf 84' lang='lat' dir='ltr'>suit</span> <span class='ocrx_word' id='word_1_151' title='bbox 298 1873 377 1952; x_wconf 91' lang='lat' dir='ltr'>qued</span> <span class='ocrx_word' id='word_1_152' title='bbox 399 1872 506 1952; x_wconf 89' lang='lat' dir='ltr'>legitur</span> <span class='ocrx_word' id='word_1_153' title='bbox 527 1873 604 1952; x_wconf 92' lang='lat' dir='ltr'>apud</span> <span class='ocrx_word' id='word_1_154' title='bbox 621 1871 795 1933; x_wconf 89' lang='lat' dir='ltr'>Strabonem</span> <span class='ocrx_word' id='word_1_155' title='bbox 822 1873 870 1945; x_wconf 89' lang='grc'>14,</span> <span class='ocrx_word' id='word_1_156' title='bbox 887 1873 915 1945; x_wconf 85' lang='lat'>5,</span> <span class='ocrx_word' id='word_1_157' title='bbox 932 1873 951 1933; x_wconf 82' lang='lat'><strong>6</strong></span> <span class='ocrx_word' id='word_1_158' title='bbox 973 1890 1001 1951; x_wconf 91' lang='grc'>5.</span> <span class='ocrx_word' id='word_1_159' title='bbox 1019 1870 1077 1932; x_wconf 89' lang='grc'>671</span> <span class='ocrx_word' id='word_1_160' title='bbox 1103 1871 1270 1950; x_wconf 78' lang='lat' dir='ltr'>Augustum</span> <span class='ocrx_word' id='word_1_161' title='bbox 1287 1868 1416 1931; x_wconf 89' lang='lat' dir='ltr'>Ciliciam</span> <span class='ocrx_word' id='word_1_162' title='bbox 1440 1889 1573 1951; x_wconf 82' lang='lat' dir='ltr'>superam</span> 
     </span>
     <span class='ocr_line' id='line_1_15' title="bbox 217 1969 1575 2055; baseline -0.001 -19"><span class='ocrx_word' id='word_1_163' title='bbox 217 1975 366 2054; x_wconf 83' lang='lat' dir='ltr'>regionem</span> <span class='ocrx_word' id='word_1_164' title='bbox 396 1978 489 2037; x_wconf 87' lang='lat' dir='ltr'>leram</span> <span class='ocrx_word' id='word_1_165' title='bbox 511 1983 541 2036; x_wconf 91' lang='grc'>51</span> <span class='ocrx_word' id='word_1_166' title='bbox 561 1973 726 2036; x_wconf 88' lang='lat' dir='ltr'>latronibus</span> <span class='ocrx_word' id='word_1_167' title='bbox 748 1974 886 2036; x_wconf 82' lang='lat' dir='ltr'>infestam</span> <span class='ocrx_word' id='word_1_168' title='bbox 909 1973 965 2036; x_wconf 92' lang='lat' dir='ltr'>sub</span> <span class='ocrx_word' id='word_1_169' title='bbox 987 1973 1105 2054; x_wconf 92' lang='lat' dir='ltr'>regibus</span> <span class='ocrx_word' id='word_1_170' title='bbox 1128 1992 1192 2035; x_wconf 91' lang='lat' dir='ltr'>esse</span> <span class='ocrx_word' id='word_1_171' title='bbox 1217 1973 1354 2036; x_wconf 90' lang='lat' dir='ltr'>maluisse</span> <span class='ocrx_word' id='word_1_172' title='bbox 1376 1969 1480 2055; x_wconf 71' lang='grc' dir='ltr'>551πό</span> <span class='ocrx_word' id='word_1_173' title='bbox 1504 1983 1575 2048; x_wconf 76' lang='grc' dir='ltr'><strong><em>τοῖς</em></strong></span> 
     </span>
     <span class='ocr_line' id='line_1_16' title="bbox 214 2072 1574 2161; baseline -0.003 -21"><span class='ocrx_word' id='word_1_174' title='bbox 214 2073 389 2159; x_wconf 82' lang='grc' dir='ltr'><strong><em>Ῥωμαίοις</em></strong></span> <span class='ocrx_word' id='word_1_175' title='bbox 421 2072 579 2161; x_wconf 77' lang='grc' dir='ltr'><em>ἡγεμόσιν</em></span> <span class='ocrx_word' id='word_1_176' title='bbox 611 2085 682 2150; x_wconf 79' lang='grc' dir='ltr'><strong><em>τοϊς</em></strong></span> <span class='ocrx_word' id='word_1_177' title='bbox 722 2074 780 2138; x_wconf 77' lang='grc' dir='ltr'>ἐπὶ</span> <span class='ocrx_word' id='word_1_178' title='bbox 811 2078 868 2150; x_wconf 82' lang='grc' dir='ltr'>τὰς</span> <span class='ocrx_word' id='word_1_179' title='bbox 903 2079 1027 2160; x_wconf 77' lang='grc' dir='ltr'><strong><em>κρίσεις</em></strong></span> <span class='ocrx_word' id='word_1_180' title='bbox 1064 2077 1314 2157; x_wconf 75' lang='grc' dir='ltr'>πεμπομένοις,</span> <span class='ocrx_word' id='word_1_181' title='bbox 1350 2079 1386 2138; x_wconf 85' lang='grc'>51</span> <span class='ocrx_word' id='word_1_182' title='bbox 1415 2073 1488 2159; x_wconf 80' lang='grc' dir='ltr'>μήτ’</span> <span class='ocrx_word' id='word_1_183' title='bbox 1521 2073 1574 2138; x_wconf 80' lang='grc'>5151</span> 
     </span>
     <span class='ocr_line' id='line_1_17' title="bbox 217 2175 1574 2262; baseline 0.001 -23"><span class='ocrx_word' id='word_1_184' title='bbox 217 2189 376 2258; x_wconf 72' lang='grc' dir='ltr'><strong><em>παρεῖναι</em></strong></span> <span class='ocrx_word' id='word_1_185' title='bbox 399 2177 536 2260; x_wconf 79' lang='grc' dir='ltr'><strong><em>ἔμελλον</em></strong></span> <span class='ocrx_word' id='word_1_186' title='bbox 557 2175 638 2262; x_wconf 80' lang='grc' dir='ltr'><strong><em>μήτε</em></strong></span> <span class='ocrx_word' id='word_1_187' title='bbox 659 2179 741 2258; x_wconf 72' lang='grc' dir='ltr'>μεθ’</span> <span class='ocrx_word' id='word_1_188' title='bbox 772 2175 903 2242; x_wconf 75' lang='lat' dir='ltr'>dulor.-</span> <span class='ocrx_word' id='word_1_189' title='bbox 937 2179 1051 2241; x_wconf 81' lang='lat' dir='ltr'>excludi</span> <span class='ocrx_word' id='word_1_190' title='bbox 1073 2178 1113 2240; x_wconf 92' lang='lat' dir='ltr'>ita</span> <span class='ocrx_word' id='word_1_191' title='bbox 1134 2177 1233 2259; x_wconf 82' lang='lat' dir='ltr'>Syriae</span> <span class='ocrx_word' id='word_1_192' title='bbox 1258 2179 1387 2258; x_wconf 90' lang='lat' dir='ltr'>legatum</span> <span class='ocrx_word' id='word_1_193' title='bbox 1417 2179 1574 2240; x_wconf 89' lang='lat' dir='ltr'>habentem</span> 
     </span>
     <span class='ocr_line' id='line_1_18' title="bbox 217 2281 1575 2362; baseline -0.001 -18"><span class='ocrx_word' id='word_1_194' title='bbox 217 2290 276 2344; x_wconf 89' lang='lat' dir='ltr'>tres</span> <span class='ocrx_word' id='word_1_195' title='bbox 309 2283 437 2361; x_wconf 80' lang='lat' dir='ltr'>legiones</span> <span class='ocrx_word' id='word_1_196' title='bbox 471 2291 500 2344; x_wconf 92' lang='lat' dir='ltr'>et</span> <span class='ocrx_word' id='word_1_197' title='bbox 531 2282 759 2362; x_wconf 89' lang='lat' dir='ltr'>intellegendum</span> <span class='ocrx_word' id='word_1_198' title='bbox 788 2301 852 2344; x_wconf 90' lang='lat' dir='ltr'>esse</span> <span class='ocrx_word' id='word_1_199' title='bbox 886 2282 1001 2346; x_wconf 88' lang='lat' dir='ltr'>Ciliciae</span> <span class='ocrx_word' id='word_1_200' title='bbox 1031 2282 1186 2344; x_wconf 87' lang='lat' dir='ltr'>inermem.</span> <span class='ocrx_word' id='word_1_201' title='bbox 1230 2282 1269 2343; x_wconf 81' lang='lat' dir='ltr'>At</span> <span class='ocrx_word' id='word_1_202' title='bbox 1290 2281 1396 2344; x_wconf 90' lang='lat' dir='ltr'>Strabo</span> <span class='ocrx_word' id='word_1_203' title='bbox 1423 2283 1479 2343; x_wconf 92' lang='lat' dir='ltr'>hoc</span> <span class='ocrx_word' id='word_1_204' title='bbox 1511 2282 1575 2343; x_wconf 92' lang='grc'>1555</span> 
     </span>
     <span class='ocr_line' id='line_1_19' title="bbox 217 2384 1575 2467; baseline 0 -21"><span class='ocrx_word' id='word_1_205' title='bbox 217 2385 323 2464; x_wconf 85' lang='lat' dir='ltr'>cogitet</span> <span class='ocrx_word' id='word_1_206' title='bbox 350 2385 385 2446; x_wconf 93' lang='lat' dir='ltr'>de</span> <span class='ocrx_word' id='word_1_207' title='bbox 410 2385 494 2466; x_wconf 92' lang='lat' dir='ltr'>regni</span> <span class='ocrx_word' id='word_1_208' title='bbox 519 2386 662 2467; x_wconf 79' lang='lat' dir='ltr'>Amyntae</span> <span class='ocrx_word' id='word_1_209' title='bbox 690 2384 845 2460; x_wconf 89' lang='lat' dir='ltr'>divisione,</span> <span class='ocrx_word' id='word_1_210' title='bbox 880 2405 939 2466; x_wconf 90' lang='lat' dir='ltr'>quo</span> <span class='ocrx_word' id='word_1_211' title='bbox 972 2386 1126 2448; x_wconf 88' lang='grc'>1515515515</span> <span class='ocrx_word' id='word_1_212' title='bbox 1157 2384 1255 2446; x_wconf 88' lang='lat' dir='ltr'>Cilicia</span> <span class='ocrx_word' id='word_1_213' title='bbox 1277 2403 1388 2466; x_wconf 84' lang='lat' dir='ltr'>aspere,</span> <span class='ocrx_word' id='word_1_214' title='bbox 1422 2393 1455 2446; x_wconf 93' lang='lat' dir='ltr'>ut</span> <span class='ocrx_word' id='word_1_215' title='bbox 1487 2403 1575 2464; x_wconf 91' lang='grc'>55555</span> 
     </span>
     <span class='ocr_line' id='line_1_20' title="bbox 216 2487 1574 2570; baseline 0.001 -22"><span class='ocrx_word' id='word_1_216' title='bbox 216 2488 285 2561; x_wconf 81' lang='lat' dir='ltr'>dixi,</span> <span class='ocrx_word' id='word_1_217' title='bbox 317 2489 423 2551; x_wconf 86' lang='lat' dir='ltr'>tradita</span> <span class='ocrx_word' id='word_1_218' title='bbox 457 2498 502 2551; x_wconf 90' lang='lat' dir='ltr'>est</span> <span class='ocrx_word' id='word_1_219' title='bbox 530 2488 672 2551; x_wconf 78' lang='lat' dir='ltr'>Archelao</span> <span class='ocrx_word' id='word_1_220' title='bbox 704 2489 765 2568; x_wconf 90' lang='lat' dir='ltr'>regi</span> <span class='ocrx_word' id='word_1_221' title='bbox 787 2489 993 2570; x_wconf 86' lang='lat' dir='ltr'>Cappadociae,</span> <span class='ocrx_word' id='word_1_222' title='bbox 1025 2488 1135 2551; x_wconf 89' lang='lat' dir='ltr'>Calatia</span> <span class='ocrx_word' id='word_1_223' title='bbox 1169 2496 1267 2549; x_wconf 89' lang='lat' dir='ltr'>autem</span> <span class='ocrx_word' id='word_1_224' title='bbox 1302 2507 1371 2549; x_wconf 86' lang='lat' dir='ltr'>euna</span> <span class='ocrx_word' id='word_1_225' title='bbox 1405 2487 1574 2568; x_wconf 90' lang='lat' dir='ltr'>regionibus</span> 
     </span>
     <span class='ocr_line' id='line_1_21' title="bbox 215 2590 1575 2674; baseline 0 -22"><span class='ocrx_word' id='word_1_226' title='bbox 215 2592 406 2654; x_wconf 89' lang='lat' dir='ltr'>conterminis</span> <span class='ocrx_word' id='word_1_227' title='bbox 428 2602 458 2655; x_wconf 91' lang='grc'>51</span> <span class='ocrx_word' id='word_1_228' title='bbox 471 2591 642 2673; x_wconf 76' lang='lat' dir='ltr'>Pamphylia</span> <span class='ocrx_word' id='word_1_229' title='bbox 659 2601 760 2673; x_wconf 91' lang='lat' dir='ltr'>utpote</span> <span class='ocrx_word' id='word_1_230' title='bbox 775 2593 936 2674; x_wconf 89' lang='lat' dir='ltr'>pacatiores</span> <span class='ocrx_word' id='word_1_231' title='bbox 951 2593 982 2652; x_wconf 90' lang='lat' dir='ltr'>in</span> <span class='ocrx_word' id='word_1_232' title='bbox 998 2591 1163 2671; x_wconf 85' lang='lat' dir='ltr'>provinciae</span> <span class='ocrx_word' id='word_1_233' title='bbox 1184 2593 1308 2652; x_wconf 89' lang='lat' dir='ltr'>lormam</span> <span class='ocrx_word' id='word_1_234' title='bbox 1325 2591 1458 2653; x_wconf 85' lang='lat' dir='ltr'>redactae</span> <span class='ocrx_word' id='word_1_235' title='bbox 1473 2590 1575 2670; x_wconf 89' lang='lat' dir='ltr'>legatis</span> 
     </span>
     <span class='ocr_line' id='line_1_22' title="bbox 216 2692 1577 2775; baseline -0.001 -20"><span class='ocrx_word' id='word_1_236' title='bbox 216 2695 390 2758; x_wconf 88' lang='lat' dir='ltr'>commissae</span> <span class='ocrx_word' id='word_1_237' title='bbox 406 2704 478 2758; x_wconf 88' lang='lat' dir='ltr'>sunt</span> <span class='ocrx_word' id='word_1_238' title='bbox 490 2694 620 2775; x_wconf 88' lang='lat' dir='ltr'>legiones</span> <span class='ocrx_word' id='word_1_239' title='bbox 636 2714 695 2757; x_wconf 92' lang='lat' dir='ltr'>non</span> <span class='ocrx_word' id='word_1_240' title='bbox 712 2695 898 2757; x_wconf 87' lang='lat' dir='ltr'>habentibus.</span> <span class='ocrx_word' id='word_1_241' title='bbox 933 2693 993 2756; x_wconf 91' lang='lat' dir='ltr'>llos</span> <span class='ocrx_word' id='word_1_242' title='bbox 1008 2694 1118 2773; x_wconf 90' lang='lat' dir='ltr'>legatos</span> <span class='ocrx_word' id='word_1_243' title='bbox 1129 2692 1235 2756; x_wconf 91' lang='lat' dir='ltr'>Strabo</span> <span class='ocrx_word' id='word_1_244' title='bbox 1250 2693 1392 2773; x_wconf 90' lang='lat' dir='ltr'>intellegit</span> <span class='ocrx_word' id='word_1_245' title='bbox 1404 2693 1531 2755; x_wconf 83' lang='lat' dir='ltr'>Calatiae</span> <span class='ocrx_word' id='word_1_246' title='bbox 1546 2701 1577 2754; x_wconf 91' lang='grc'>51</span> 
     </span>
    </p>
   </div>
   <div class='ocr_carea' id='block_1_3' title="bbox 215 2795 1576 3291">
    <p class='ocr_par' dir='ltr' id='par_1_3' title="bbox 215 2795 1576 3291">
     <span class='ocr_line' id='line_1_23' title="bbox 215 2795 1573 2879; baseline 0 -22"><span class='ocrx_word' id='word_1_247' title='bbox 215 2795 416 2878; x_wconf 64' lang='lat' dir='ltr'>Pamphyliae}</span> <span class='ocrx_word' id='word_1_248' title='bbox 439 2798 474 2859; x_wconf 90' lang='lat' dir='ltr'>de</span> <span class='ocrx_word' id='word_1_249' title='bbox 497 2797 594 2860; x_wconf 91' lang='lat' dir='ltr'>Cilicia</span> <span class='ocrx_word' id='word_1_250' title='bbox 616 2799 774 2879; x_wconf 89' lang='lat' dir='ltr'>provincie,</span> <span class='ocrx_word' id='word_1_251' title='bbox 798 2798 833 2860; x_wconf 84' lang='lat' dir='ltr'>ed</span> <span class='ocrx_word' id='word_1_252' title='bbox 856 2815 945 2877; x_wconf 85' lang='lat' dir='ltr'>quem</span> <span class='ocrx_word' id='word_1_253' title='bbox 968 2797 1048 2858; x_wconf 90' lang='lat' dir='ltr'>nulla</span> <span class='ocrx_word' id='word_1_254' title='bbox 1069 2797 1166 2877; x_wconf 87' lang='lat' dir='ltr'>portio</span> <span class='ocrx_word' id='word_1_255' title='bbox 1188 2795 1271 2876; x_wconf 90' lang='lat' dir='ltr'>regni</span> <span class='ocrx_word' id='word_1_256' title='bbox 1296 2796 1439 2876; x_wconf 83' lang='lat' dir='ltr'>hmyntae</span> <span class='ocrx_word' id='word_1_257' title='bbox 1461 2797 1573 2858; x_wconf 86' lang='lat' dir='ltr'>adiecta</span> 
     </span>
     <span class='ocr_line' id='line_1_24' title="bbox 215 2898 1574 2981; baseline -0.002 -20"><span class='ocrx_word' id='word_1_258' title='bbox 215 2908 269 2974; x_wconf 87' lang='lat' dir='ltr'>est,</span> <span class='ocrx_word' id='word_1_259' title='bbox 292 2901 433 2963; x_wconf 92' lang='lat' dir='ltr'>hocloco</span> <span class='ocrx_word' id='word_1_260' title='bbox 461 2920 521 2963; x_wconf 91' lang='grc'>555</span> <span class='ocrx_word' id='word_1_261' title='bbox 548 2901 693 2981; x_wconf 87' lang='lat' dir='ltr'>cogitavit.</span> <span class='ocrx_word' id='word_1_262' title='bbox 738 2901 830 2963; x_wconf 89' lang='lat' dir='ltr'>llulto</span> <span class='ocrx_word' id='word_1_263' title='bbox 857 2900 958 2962; x_wconf 90' lang='lat' dir='ltr'>minus</span> <span class='ocrx_word' id='word_1_264' title='bbox 987 2899 1085 2961; x_wconf 88' lang='lat' dir='ltr'>obstat</span> <span class='ocrx_word' id='word_1_265' title='bbox 1111 2900 1189 2978; x_wconf 90' lang='lat' dir='ltr'>quod</span> <span class='ocrx_word' id='word_1_266' title='bbox 1219 2900 1296 2980; x_wconf 90' lang='lat' dir='ltr'>epud</span> <span class='ocrx_word' id='word_1_267' title='bbox 1319 2899 1442 2961; x_wconf 87' lang='lat' dir='ltr'>Dionem</span> <span class='ocrx_word' id='word_1_268' title='bbox 1467 2898 1574 2972; x_wconf 90' lang='grc'>53,12</span> 
     </span>
     <span class='ocr_line' id='line_1_25' title="bbox 215 2997 1574 3085; baseline 0.001 -22"><span class='ocrx_word' id='word_1_269' title='bbox 215 3001 292 3064; x_wconf 89' lang='grc'>15155</span> <span class='ocrx_word' id='word_1_270' title='bbox 314 3003 478 3084; x_wconf 85' lang='lat' dir='ltr'>provincius</span> <span class='ocrx_word' id='word_1_271' title='bbox 499 3004 703 3085; x_wconf 78' lang='lat' dir='ltr'>imperatorias</span> <span class='ocrx_word' id='word_1_272' title='bbox 732 3013 928 3067; x_wconf 85' lang='lat' dir='ltr'>numerentur</span> <span class='ocrx_word' id='word_1_273' title='bbox 956 3001 1011 3065; x_wconf 80' lang='grc' dir='ltr'>καὶ</span> <span class='ocrx_word' id='word_1_274' title='bbox 1038 2997 1057 3085; x_wconf 82' lang='grc' dir='ltr'><em>ἡ</em></span> <span class='ocrx_word' id='word_1_275' title='bbox 1086 3002 1191 3085; x_wconf 79' lang='grc' dir='ltr'><strong><em>Συρία</em></strong></span> <span class='ocrx_word' id='word_1_276' title='bbox 1217 2997 1236 3084; x_wconf 81' lang='grc' dir='ltr'><em>ἡ</em></span> <span class='ocrx_word' id='word_1_277' title='bbox 1264 3000 1358 3085; x_wconf 79' lang='grc' dir='ltr'><strong><em>κοιλὴ</em></strong></span> <span class='ocrx_word' id='word_1_278' title='bbox 1392 2997 1574 3083; x_wconf 80' lang='grc' dir='ltr'><strong><em>καλουμένη</em></strong></span> 
     </span>
     <span class='ocr_line' id='line_1_26' title="bbox 215 3098 1576 3189; baseline -0.002 -22"><span class='ocrx_word' id='word_1_279' title='bbox 215 3098 235 3186; x_wconf 80' lang='grc' dir='ltr'>η’</span> <span class='ocrx_word' id='word_1_280' title='bbox 268 3127 302 3167; x_wconf 83' lang='lat' dir='ltr'>ee</span> <span class='ocrx_word' id='word_1_281' title='bbox 337 3108 476 3189; x_wconf 77' lang='grc' dir='ltr'><strong><em>Φοινίκη</em></strong></span> <span class='ocrx_word' id='word_1_282' title='bbox 509 3106 566 3169; x_wconf 84' lang='grc' dir='ltr'>καὶ</span> <span class='ocrx_word' id='word_1_283' title='bbox 599 3105 735 3169; x_wconf 74' lang='grc' dir='ltr'><strong><em>Κιλικία</em></strong></span> <span class='ocrx_word' id='word_1_284' title='bbox 767 3107 822 3169; x_wconf 79' lang='grc' dir='ltr'>καὶ</span> <span class='ocrx_word' id='word_1_285' title='bbox 860 3103 1001 3189; x_wconf 78' lang='grc' dir='ltr'>Κύπρος.</span> <span class='ocrx_word' id='word_1_286' title='bbox 1054 3104 1127 3166; x_wconf 91' lang='lat' dir='ltr'>Nam</span> <span class='ocrx_word' id='word_1_287' title='bbox 1162 3125 1230 3168; x_wconf 94' lang='lat' dir='ltr'>cum</span> <span class='ocrx_word' id='word_1_288' title='bbox 1259 3105 1373 3186; x_wconf 89' lang='lat' dir='ltr'>Syriam</span> <span class='ocrx_word' id='word_1_289' title='bbox 1405 3103 1512 3166; x_wconf 88' lang='lat' dir='ltr'>Coelen</span> <span class='ocrx_word' id='word_1_290' title='bbox 1546 3113 1576 3166; x_wconf 93' lang='lat' dir='ltr'>et</span> 
     </span>
     <span class='ocr_line' id='line_1_27' title="bbox 216 3207 1576 3291; baseline -0.001 -22"><span class='ocrx_word' id='word_1_291' title='bbox 216 3207 385 3271; x_wconf 88' lang='lat' dir='ltr'>Phoenicen</span> <span class='ocrx_word' id='word_1_292' title='bbox 407 3210 502 3273; x_wconf 90' lang='lat' dir='ltr'>eidem</span> <span class='ocrx_word' id='word_1_293' title='bbox 524 3211 620 3290; x_wconf 84' lang='lat' dir='ltr'>legato</span> <span class='ocrx_word' id='word_1_294' title='bbox 643 3220 705 3274; x_wconf 90' lang='lat' dir='ltr'>tum</span> <span class='ocrx_word' id='word_1_295' title='bbox 727 3211 860 3291; x_wconf 90' lang='lat' dir='ltr'>paruisse</span> <span class='ocrx_word' id='word_1_296' title='bbox 881 3218 912 3271; x_wconf 91' lang='lat' dir='ltr'>et</span> <span class='ocrx_word' id='word_1_297' title='bbox 925 3209 1044 3271; x_wconf 81' lang='lat' dir='ltr'>aliunde</span> <span class='ocrx_word' id='word_1_298' title='bbox 1059 3215 1176 3270; x_wconf 90' lang='lat' dir='ltr'>constet</span> <span class='ocrx_word' id='word_1_299' title='bbox 1191 3218 1221 3270; x_wconf 93' lang='lat' dir='ltr'>et</span> <span class='ocrx_word' id='word_1_300' title='bbox 1236 3227 1270 3270; x_wconf 84' lang='lat' dir='ltr'>ex</span> <span class='ocrx_word' id='word_1_301' title='bbox 1285 3209 1350 3288; x_wconf 96' lang='grc'>1555</span> <span class='ocrx_word' id='word_1_302' title='bbox 1366 3207 1452 3270; x_wconf 90' lang='grc'>111515</span> <span class='ocrx_word' id='word_1_303' title='bbox 1468 3207 1576 3268; x_wconf 87' lang='lat' dir='ltr'>Tibur-</span> 
     </span>
    </p>
   </div>
   <div class='ocr_carea' id='block_1_4' title="bbox 216 3310 1576 4421">
    <p class='ocr_par' dir='ltr' id='par_1_4' title="bbox 216 3310 1576 4114">
     <span class='ocr_line' id='line_1_28' title="bbox 218 3310 1575 3394; baseline 0 -22"><span class='ocrx_word' id='word_1_304' title='bbox 218 3311 288 3386; x_wconf 90' lang='lat' dir='ltr'>tino,</span> <span class='ocrx_word' id='word_1_305' title='bbox 321 3312 399 3374; x_wconf 92' lang='lat' dir='ltr'>idem</span> <span class='ocrx_word' id='word_1_306' title='bbox 433 3313 530 3376; x_wconf 92' lang='lat' dir='ltr'>locum</span> <span class='ocrx_word' id='word_1_307' title='bbox 560 3314 667 3376; x_wconf 89' lang='lat' dir='ltr'>habere</span> <span class='ocrx_word' id='word_1_308' title='bbox 694 3313 791 3394; x_wconf 92' lang='grc'>551511</span> <span class='ocrx_word' id='word_1_309' title='bbox 820 3313 851 3374; x_wconf 89' lang='grc'>15</span> <span class='ocrx_word' id='word_1_310' title='bbox 885 3312 992 3387; x_wconf 80' lang='lat' dir='ltr'>Cilicis,</span> <span class='ocrx_word' id='word_1_311' title='bbox 1022 3321 1052 3373; x_wconf 91' lang='grc'>51</span> <span class='ocrx_word' id='word_1_312' title='bbox 1079 3311 1142 3392; x_wconf 90' lang='grc'>1555</span> <span class='ocrx_word' id='word_1_313' title='bbox 1170 3310 1222 3372; x_wconf 90' lang='grc'>1115</span> <span class='ocrx_word' id='word_1_314' title='bbox 1257 3311 1337 3373; x_wconf 89' lang='lat' dir='ltr'>addit</span> <span class='ocrx_word' id='word_1_315' title='bbox 1361 3328 1515 3372; x_wconf 90' lang='lat' dir='ltr'>recensere</span> <span class='ocrx_word' id='word_1_316' title='bbox 1544 3329 1575 3372; x_wconf 91' lang='lat' dir='ltr'>se</span> 
     </span>
     <span class='ocr_line' id='line_1_29' title="bbox 216 3410 1575 3498; baseline -0.002 -23"><span class='ocrx_word' id='word_1_317' title='bbox 216 3415 380 3494; x_wconf 81' lang='grc'>5555155155</span> <span class='ocrx_word' id='word_1_318' title='bbox 403 3416 438 3477; x_wconf 95' lang='lat' dir='ltr'>ad</span> <span class='ocrx_word' id='word_1_319' title='bbox 461 3417 508 3479; x_wconf 91' lang='lat' dir='ltr'>sni</span> <span class='ocrx_word' id='word_1_320' title='bbox 531 3418 672 3498; x_wconf 91' lang='lat' dir='ltr'>temporis</span> <span class='ocrx_word' id='word_1_321' title='bbox 695 3416 996 3486; x_wconf 91' lang='lat' dir='ltr'>administrationem,</span> <span class='ocrx_word' id='word_1_322' title='bbox 1028 3412 1103 3476; x_wconf 74' lang='grc' dir='ltr'>ἐπεὶ</span> <span class='ocrx_word' id='word_1_323' title='bbox 1131 3412 1170 3477; x_wconf 84' lang='lat' dir='ltr'>ao&#39;</span> <span class='ocrx_word' id='word_1_324' title='bbox 1196 3437 1233 3492; x_wconf 86' lang='grc' dir='ltr'>γε</span> <span class='ocrx_word' id='word_1_325' title='bbox 1263 3410 1403 3495; x_wconf 73' lang='grc' dir='ltr'><strong><em>ἀρχαῖον</em></strong></span> <span class='ocrx_word' id='word_1_326' title='bbox 1431 3411 1486 3475; x_wconf 78' lang='grc' dir='ltr'>καὶ</span> <span class='ocrx_word' id='word_1_327' title='bbox 1517 3410 1575 3474; x_wconf 78' lang='lat' dir='ltr'>dael</span> 
     </span>
     <span class='ocr_line' id='line_1_30' title="bbox 216 3512 1575 3601; baseline -0.003 -21"><span class='ocrx_word' id='word_1_328' title='bbox 216 3514 380 3580; x_wconf 78' lang='grc' dir='ltr'><strong><em>πολὺκαὶ</em></strong></span> <span class='ocrx_word' id='word_1_329' title='bbox 404 3516 524 3584; x_wconf 82' lang='grc' dir='ltr'><strong><em>σύνδυο</em></strong></span> <span class='ocrx_word' id='word_1_330' title='bbox 547 3516 603 3580; x_wconf 84' lang='grc' dir='ltr'>καὶ</span> <span class='ocrx_word' id='word_1_331' title='bbox 626 3516 825 3600; x_wconf 83' lang='grc' dir='ltr'><strong><em>ούνιριατά</em></strong></span> <span class='ocrx_word' id='word_1_332' title='bbox 852 3516 934 3601; x_wconf 73' lang='grc' dir='ltr'><strong><em>ἔθνη</em></strong></span> <span class='ocrx_word' id='word_1_333' title='bbox 963 3512 1033 3599; x_wconf 79' lang='grc' dir='ltr'>ἅμα</span> <span class='ocrx_word' id='word_1_334' title='bbox 1058 3513 1182 3600; x_wconf 78' lang='grc' dir='ltr'>ἤρχετο.</span> <span class='ocrx_word' id='word_1_335' title='bbox 1205 3553 1247 3563; x_wconf 93' lang='lat'>-·</span> <span class='ocrx_word' id='word_1_336' title='bbox 1277 3517 1354 3580; x_wconf 87' lang='lat' dir='ltr'>llaec</span> <span class='ocrx_word' id='word_1_337' title='bbox 1381 3517 1433 3598; x_wconf 90' lang='lat' dir='ltr'>qui</span> <span class='ocrx_word' id='word_1_338' title='bbox 1462 3515 1575 3597; x_wconf 91' lang='lat' dir='ltr'>probat,</span> 
     </span>
     <span class='ocr_line' id='line_1_31' title="bbox 216 3619 1576 3700; baseline -0.001 -20"><span class='ocrx_word' id='word_1_339' title='bbox 216 3619 243 3680; x_wconf 93' lang='lat' dir='ltr'>ei</span> <span class='ocrx_word' id='word_1_340' title='bbox 270 3620 430 3684; x_wconf 90' lang='lat' dir='ltr'>dicendum</span> <span class='ocrx_word' id='word_1_341' title='bbox 470 3622 526 3684; x_wconf 90' lang='lat' dir='ltr'>erit</span> <span class='ocrx_word' id='word_1_342' title='bbox 553 3623 722 3696; x_wconf 85' lang='lat' dir='ltr'>Quirinium</span> <span class='ocrx_word' id='word_1_343' title='bbox 761 3620 1002 3683; x_wconf 81' lang='lat' dir='ltr'>Homonadeuses</span> <span class='ocrx_word' id='word_1_344' title='bbox 1042 3619 1147 3681; x_wconf 84' lang='lat' dir='ltr'>uicisse</span> <span class='ocrx_word' id='word_1_345' title='bbox 1177 3620 1278 3700; x_wconf 82' lang='lat' dir='ltr'>Syriae</span> <span class='ocrx_word' id='word_1_346' title='bbox 1307 3621 1449 3700; x_wconf 83' lang='lat' dir='ltr'>legatum,</span> <span class='ocrx_word' id='word_1_347' title='bbox 1483 3636 1576 3698; x_wconf 90' lang='lat' dir='ltr'>eaque</span> 
     </span>
     <span class='ocr_line' id='line_1_32' title="bbox 216 3721 1574 3803; baseline -0.001 -20"><span class='ocrx_word' id='word_1_348' title='bbox 216 3723 361 3803; x_wconf 85' lang='lat' dir='ltr'>expeditio</span> <span class='ocrx_word' id='word_1_349' title='bbox 384 3743 451 3786; x_wconf 89' lang='lat' dir='ltr'>uum</span> <span class='ocrx_word' id='word_1_350' title='bbox 475 3727 636 3787; x_wconf 90' lang='lat' dir='ltr'>secundum</span> <span class='ocrx_word' id='word_1_351' title='bbox 654 3725 787 3787; x_wconf 88' lang='lat' dir='ltr'>Tacitum</span> <span class='ocrx_word' id='word_1_352' title='bbox 804 3728 878 3786; x_wconf 89' lang='grc'>15515</span> <span class='ocrx_word' id='word_1_353' title='bbox 895 3724 933 3785; x_wconf 92' lang='grc'>511</span> <span class='ocrx_word' id='word_1_354' title='bbox 949 3723 1026 3785; x_wconf 88' lang='grc'>15155</span> <span class='ocrx_word' id='word_1_355' title='bbox 1040 3743 1065 3784; x_wconf 86' lang='lat' dir='ltr'>e.</span> <span class='ocrx_word' id='word_1_356' title='bbox 1083 3721 1277 3796; x_wconf 85' lang='grc'>74251756,</span> <span class='ocrx_word' id='word_1_357' title='bbox 1300 3730 1416 3803; x_wconf 86' lang='grc'>5555155</span> <span class='ocrx_word' id='word_1_358' title='bbox 1439 3730 1574 3783; x_wconf 89' lang='lat' dir='ltr'>testatam</span> 
     </span>
     <span class='ocr_line' id='line_1_33' title="bbox 216 3825 1575 3909; baseline -0.001 -24"><span class='ocrx_word' id='word_1_359' title='bbox 216 3826 286 3886; x_wconf 90' lang='lat' dir='ltr'>anni</span> <span class='ocrx_word' id='word_1_360' title='bbox 309 3827 371 3889; x_wconf 90' lang='grc'>759</span> <span class='ocrx_word' id='word_1_361' title='bbox 394 3828 483 3890; x_wconf 86' lang='grc'>511555</span> <span class='ocrx_word' id='word_1_362' title='bbox 506 3827 640 3900; x_wconf 84' lang='lat' dir='ltr'>Quirinio</span> <span class='ocrx_word' id='word_1_363' title='bbox 664 3829 763 3909; x_wconf 88' lang='lat' dir='ltr'>Syriae</span> <span class='ocrx_word' id='word_1_364' title='bbox 791 3827 896 3906; x_wconf 89' lang='lat' dir='ltr'>legatio</span> <span class='ocrx_word' id='word_1_365' title='bbox 924 3825 1019 3888; x_wconf 90' lang='lat' dir='ltr'>denda</span> <span class='ocrx_word' id='word_1_366' title='bbox 1047 3833 1101 3898; x_wconf 91' lang='lat' dir='ltr'>est,</span> <span class='ocrx_word' id='word_1_367' title='bbox 1124 3845 1213 3905; x_wconf 91' lang='lat' dir='ltr'>quam</span> <span class='ocrx_word' id='word_1_368' title='bbox 1237 3826 1391 3887; x_wconf 88' lang='lat' dir='ltr'>commode</span> <span class='ocrx_word' id='word_1_369' title='bbox 1414 3826 1575 3885; x_wconf 79' lang='lat' dir='ltr'>celeremus</span> 
     </span>
     <span class='ocr_line' id='line_1_34' title="bbox 216 3926 1575 4012; baseline -0.001 -24"><span class='ocrx_word' id='word_1_370' title='bbox 216 3928 251 3988; x_wconf 96' lang='lat' dir='ltr'>ad</span> <span class='ocrx_word' id='word_1_371' title='bbox 274 3948 299 3989; x_wconf 95' lang='grc'>5.</span> <span class='ocrx_word' id='word_1_372' title='bbox 316 3930 375 3990; x_wconf 88' lang='grc'>751</span> <span class='ocrx_word' id='word_1_373' title='bbox 401 3931 514 3993; x_wconf 89' lang='grc'>51752</span> <span class='ocrx_word' id='word_1_374' title='bbox 537 3930 640 4012; x_wconf 92' lang='lat' dir='ltr'>perid</span> <span class='ocrx_word' id='word_1_375' title='bbox 663 3940 781 4011; x_wconf 92' lang='lat' dir='ltr'>tempus</span> <span class='ocrx_word' id='word_1_376' title='bbox 804 3931 882 3992; x_wconf 89' lang='lat' dir='ltr'>solos</span> <span class='ocrx_word' id='word_1_377' title='bbox 909 3932 969 3990; x_wconf 87' lang='lat' dir='ltr'>lere</span> <span class='ocrx_word' id='word_1_378' title='bbox 998 3929 1068 3990; x_wconf 89' lang='lat' dir='ltr'>satis</span> <span class='ocrx_word' id='word_1_379' title='bbox 1097 3938 1232 3990; x_wconf 81' lang='grc'>55555155</span> <span class='ocrx_word' id='word_1_380' title='bbox 1260 3937 1291 3990; x_wconf 89' lang='grc'>51</span> <span class='ocrx_word' id='word_1_381' title='bbox 1316 3928 1396 3990; x_wconf 87' lang='grc'>15515</span> <span class='ocrx_word' id='word_1_382' title='bbox 1424 3926 1575 3988; x_wconf 87' lang='lat' dir='ltr'>intervallo</span> 
     </span>
     <span class='ocr_line' id='line_1_35' title="bbox 216 4033 591 4114; baseline 0.013 -23"><span class='ocrx_word' id='word_1_383' title='bbox 216 4049 232 4091; x_wconf 92' lang='grc'>5</span> <span class='ocrx_word' id='word_1_384' title='bbox 255 4033 409 4094; x_wconf 90' lang='lat' dir='ltr'>consulatu</span> <span class='ocrx_word' id='word_1_385' title='bbox 432 4043 591 4114; x_wconf 88' lang='lat' dir='ltr'>separatos.</span> 
     </span>
    </p>

    <p class='ocr_par' dir='ltr' id='par_1_5' title="bbox 216 4128 1576 4421">
     <span class='ocr_line' id='line_1_36' title="bbox 316 4128 1573 4212; baseline -0.002 -18"><span class='ocrx_word' id='word_1_386' title='bbox 316 4134 345 4195; x_wconf 92' lang='grc'>2.</span> <span class='ocrx_word' id='word_1_387' title='bbox 380 4135 411 4197; x_wconf 88' lang='lat' dir='ltr'>C.</span> <span class='ocrx_word' id='word_1_388' title='bbox 439 4135 544 4198; x_wconf 90' lang='lat' dir='ltr'>Caesar</span> <span class='ocrx_word' id='word_1_389' title='bbox 576 4137 606 4198; x_wconf 91' lang='lat' dir='ltr'>in</span> <span class='ocrx_word' id='word_1_390' title='bbox 635 4135 785 4198; x_wconf 86' lang='lat' dir='ltr'>Orientem</span> <span class='ocrx_word' id='word_1_391' title='bbox 821 4133 930 4196; x_wconf 89' lang='lat' dir='ltr'>missus</span> <span class='ocrx_word' id='word_1_392' title='bbox 958 4153 984 4195; x_wconf 91' lang='lat' dir='ltr'>a.</span> <span class='ocrx_word' id='word_1_393' title='bbox 1013 4131 1074 4193; x_wconf 89' lang='grc'>753</span> <span class='ocrx_word' id='word_1_394' title='bbox 1103 4131 1201 4212; x_wconf 87' lang='lat' dir='ltr'>ibique</span> <span class='ocrx_word' id='word_1_395' title='bbox 1229 4151 1254 4194; x_wconf 89' lang='grc'>5.</span> <span class='ocrx_word' id='word_1_396' title='bbox 1285 4132 1346 4194; x_wconf 87' lang='grc'>757</span> <span class='ocrx_word' id='word_1_397' title='bbox 1376 4131 1404 4192; x_wconf 93' lang='lat' dir='ltr'>d.</span> <span class='ocrx_word' id='word_1_398' title='bbox 1428 4130 1512 4192; x_wconf 87' lang='lat' dir='ltr'>Febr.</span> <span class='ocrx_word' id='word_1_399' title='bbox 1535 4128 1573 4191; x_wconf 92' lang='grc'>21</span> 
     </span>
     <span class='ocr_line' id='line_1_37' title="bbox 217 4233 1576 4318; baseline -0.001 -22"><span class='ocrx_word' id='word_1_400' title='bbox 217 4237 372 4300; x_wconf 85' lang='lat' dir='ltr'>defunctus</span> <span class='ocrx_word' id='word_1_401' title='bbox 394 4247 522 4300; x_wconf 89' lang='lat' dir='ltr'>rectores</span> <span class='ocrx_word' id='word_1_402' title='bbox 545 4238 648 4300; x_wconf 84' lang='lat' dir='ltr'>hebuit</span> <span class='ocrx_word' id='word_1_403' title='bbox 669 4237 800 4318; x_wconf 89' lang='lat' dir='ltr'>primum</span> <span class='ocrx_word' id='word_1_404' title='bbox 824 4236 861 4297; x_wconf 88' lang='grc'>11.</span> <span class='ocrx_word' id='word_1_405' title='bbox 886 4236 1021 4311; x_wconf 84' lang='lat' dir='ltr'>Lollium,</span> <span class='ocrx_word' id='word_1_406' title='bbox 1044 4235 1149 4296; x_wconf 91' lang='lat' dir='ltr'>deinde</span> <span class='ocrx_word' id='word_1_407' title='bbox 1170 4254 1205 4296; x_wconf 91' lang='lat' dir='ltr'>eo</span> <span class='ocrx_word' id='word_1_408' title='bbox 1227 4245 1345 4297; x_wconf 91' lang='lat' dir='ltr'>mortuo</span> <span class='ocrx_word' id='word_1_409' title='bbox 1368 4252 1436 4296; x_wconf 90' lang='lat' dir='ltr'>eum</span> <span class='ocrx_word' id='word_1_410' title='bbox 1459 4233 1494 4295; x_wconf 93' lang='lat' dir='ltr'>de</span> <span class='ocrx_word' id='word_1_411' title='bbox 1516 4253 1576 4312; x_wconf 88' lang='lat' dir='ltr'>quo</span> 
     </span>
     <span class='ocr_line' id='line_1_38' title="bbox 216 4337 1576 4421; baseline -0.002 -22"><span class='ocrx_word' id='word_1_412' title='bbox 216 4338 331 4417; x_wconf 91' lang='lat' dir='ltr'>agimus</span> <span class='ocrx_word' id='word_1_413' title='bbox 354 4339 523 4412; x_wconf 80' lang='lat' dir='ltr'>Quirinium</span> <span class='ocrx_word' id='word_1_414' title='bbox 547 4341 626 4421; x_wconf 87' lang='lat' dir='ltr'>(Tac.</span> <span class='ocrx_word' id='word_1_415' title='bbox 649 4341 669 4401; x_wconf 94' lang='lat' dir='ltr'>l.</span> <span class='ocrx_word' id='word_1_416' title='bbox 684 4359 727 4401; x_wconf 84' lang='lat' dir='ltr'>c:</span> <span class='ocrx_word' id='word_1_417' title='bbox 760 4341 844 4403; x_wconf 81' lang='lat' dir='ltr'>dutus</span> <span class='ocrx_word' id='word_1_418' title='bbox 865 4350 957 4401; x_wconf 84' lang='lat' dir='ltr'>rector</span> <span class='ocrx_word' id='word_1_419' title='bbox 981 4339 1012 4400; x_wconf 84' lang='lat' dir='ltr'>C.</span> <span class='ocrx_word' id='word_1_420' title='bbox 1038 4339 1158 4400; x_wconf 85' lang='lat' dir='ltr'>Caesari</span> <span class='ocrx_word' id='word_1_421' title='bbox 1177 4337 1343 4400; x_wconf 71' lang='lat' dir='ltr'>tumetum</span> <span class='ocrx_word' id='word_1_422' title='bbox 1365 4338 1517 4412; x_wconf 82' lang='lat' dir='ltr'>obtineati;</span> <span class='ocrx_word' id='word_1_423' title='bbox 1539 4339 1576 4397; x_wconf 91' lang='grc'>51.</span> 
     </span>
    </p>
   </div>
   <div class='ocr_carea' id='block_1_5' title="bbox 217 4509 1578 4922">
    <p class='ocr_par' dir='ltr' id='par_1_6' title="bbox 217 4509 1578 4922">
     <span class='ocr_line' id='line_1_39' title="bbox 317 4509 1577 4578; baseline -0.002 -16"><span class='ocrx_word' id='word_1_424' title='bbox 317 4513 338 4578; x_wconf 86' lang='lat'>¹)</span> <span class='ocrx_word' id='word_1_425' title='bbox 357 4513 423 4564; x_wconf 88' lang='lat' dir='ltr'>Ludi</span> <span class='ocrx_word' id='word_1_426' title='bbox 441 4513 488 4564; x_wconf 89' lang='lat' dir='ltr'>sub</span> <span class='ocrx_word' id='word_1_427' title='bbox 506 4513 654 4564; x_wconf 83' lang='grc'>1155111555</span> <span class='ocrx_word' id='word_1_428' title='bbox 674 4512 716 4564; x_wconf 86' lang='lat' dir='ltr'>vel</span> <span class='ocrx_word' id='word_1_429' title='bbox 734 4518 792 4578; x_wconf 87' lang='lat' dir='ltr'>post</span> <span class='ocrx_word' id='word_1_430' title='bbox 813 4526 868 4562; x_wconf 82' lang='lat' dir='ltr'>enin</span> <span class='ocrx_word' id='word_1_431' title='bbox 893 4511 1019 4563; x_wconf 82' lang='lat' dir='ltr'>celebrtti</span> <span class='ocrx_word' id='word_1_432' title='bbox 1038 4510 1188 4562; x_wconf 75' lang='lat' dir='ltr'>Antioohiae</span> <span class='ocrx_word' id='word_1_433' title='bbox 1207 4510 1307 4562; x_wconf 87' lang='lat' dir='ltr'>nornine</span> <span class='ocrx_word' id='word_1_434' title='bbox 1326 4509 1449 4576; x_wconf 84' lang='lat' dir='ltr'>Syrorum</span> <span class='ocrx_word' id='word_1_435' title='bbox 1469 4509 1577 4560; x_wconf 86' lang='lat' dir='ltr'>Cilicum</span> 
     </span>
     <span class='ocr_line' id='line_1_40' title="bbox 217 4587 1577 4668; baseline -0.002 -22"><span class='ocrx_word' id='word_1_436' title='bbox 217 4596 367 4648; x_wconf 85' lang='lat' dir='ltr'>Phoenicum</span> <span class='ocrx_word' id='word_1_437' title='bbox 385 4593 411 4662; x_wconf 87' lang='grc' dir='ltr'>(ὁ</span> <span class='ocrx_word' id='word_1_438' title='bbox 430 4595 502 4662; x_wconf 76' lang='grc' dir='ltr'><strong><em>ἱερὸς</em></strong></span> <span class='ocrx_word' id='word_1_439' title='bbox 520 4593 728 4668; x_wconf 77' lang='grc' dir='ltr'><strong><em>πενταετηρικὸς</em></strong></span> <span class='ocrx_word' id='word_1_440' title='bbox 745 4595 838 4653; x_wconf 83' lang='grc' dir='ltr'><strong><em>κοινὸς</em></strong></span> <span class='ocrx_word' id='word_1_441' title='bbox 854 4599 959 4668; x_wconf 85' lang='grc' dir='ltr'><strong><em>Συρίας</em></strong></span> <span class='ocrx_word' id='word_1_442' title='bbox 976 4597 1100 4652; x_wconf 79' lang='grc' dir='ltr'><strong><em>Κιλικίας</em></strong></span> <span class='ocrx_word' id='word_1_443' title='bbox 1117 4597 1258 4659; x_wconf 77' lang='grc' dir='ltr'><strong><em>Φοινείκρς</em></strong></span> <span class='ocrx_word' id='word_1_444' title='bbox 1276 4592 1306 4645; x_wconf 76' lang='grc' dir='ltr'>ἐν</span> <span class='ocrx_word' id='word_1_445' title='bbox 1320 4587 1487 4661; x_wconf 60' lang='lat' dir='ltr'>multopere),</span> <span class='ocrx_word' id='word_1_446' title='bbox 1508 4600 1577 4644; x_wconf 82' lang='lat' dir='ltr'>testa</span> 
     </span>
     <span class='ocr_line' id='line_1_41' title="bbox 219 4679 1577 4750; baseline -0.002 -17"><span class='ocrx_word' id='word_1_447' title='bbox 219 4683 296 4734; x_wconf 86' lang='grc'>111515</span> <span class='ocrx_word' id='word_1_448' title='bbox 311 4683 481 4748; x_wconf 81' lang='lat' dir='ltr'>Netpolituuo</span> <span class='ocrx_word' id='word_1_449' title='bbox 500 4690 570 4734; x_wconf 87' lang='lat' dir='ltr'>reete</span> <span class='ocrx_word' id='word_1_450' title='bbox 589 4684 657 4735; x_wconf 87' lang='lat' dir='ltr'>edite</span> <span class='ocrx_word' id='word_1_451' title='bbox 678 4685 742 4750; x_wconf 82' lang='lat' dir='ltr'>apud</span> <span class='ocrx_word' id='word_1_452' title='bbox 760 4683 904 4734; x_wconf 85' lang='lat' dir='ltr'>lleuzenurn</span> <span class='ocrx_word' id='word_1_453' title='bbox 922 4682 989 4734; x_wconf 88' lang='lat' dir='ltr'>Bull.</span> <span class='ocrx_word' id='word_1_454' title='bbox 1007 4681 1140 4732; x_wconf 81' lang='lat' dir='ltr'>dell&#39;latt.</span> <span class='ocrx_word' id='word_1_455' title='bbox 1160 4679 1225 4730; x_wconf 86' lang='grc'>1877</span> <span class='ocrx_word' id='word_1_456' title='bbox 1244 4696 1267 4747; x_wconf 88' lang='lat' dir='ltr'>p.</span> <span class='ocrx_word' id='word_1_457' title='bbox 1283 4681 1339 4740; x_wconf 88' lang='grc'>109,</span> <span class='ocrx_word' id='word_1_458' title='bbox 1357 4694 1503 4746; x_wconf 82' lang='lat' dir='ltr'>quemquern</span> <span class='ocrx_word' id='word_1_459' title='bbox 1522 4680 1577 4730; x_wconf 88' lang='lat' dir='ltr'>siue</span> 
     </span>
     <span class='ocr_line' id='line_1_42' title="bbox 218 4766 1578 4834; baseline -0.004 -16"><span class='ocrx_word' id='word_1_460' title='bbox 218 4769 296 4818; x_wconf 90' lang='lat' dir='ltr'>dubio</span> <span class='ocrx_word' id='word_1_461' title='bbox 315 4785 347 4821; x_wconf 81' lang='lat' dir='ltr'>sn</span> <span class='ocrx_word' id='word_1_462' title='bbox 361 4769 464 4834; x_wconf 78' lang='lat' dir='ltr'>tutique</span> <span class='ocrx_word' id='word_1_463' title='bbox 478 4769 523 4819; x_wconf 85' lang='lat' dir='ltr'>illa</span> <span class='ocrx_word' id='word_1_464' title='bbox 536 4771 710 4821; x_wconf 85' lang='lat' dir='ltr'>commuuione</span> <span class='ocrx_word' id='word_1_465' title='bbox 724 4770 849 4833; x_wconf 85' lang='lat' dir='ltr'>originem</span> <span class='ocrx_word' id='word_1_466' title='bbox 862 4770 999 4832; x_wconf 84' lang='lat' dir='ltr'>duxerunt,</span> <span class='ocrx_word' id='word_1_467' title='bbox 1017 4769 1110 4818; x_wconf 84' lang='lat' dir='ltr'>durtre</span> <span class='ocrx_word' id='word_1_468' title='bbox 1125 4773 1262 4832; x_wconf 87' lang='lat' dir='ltr'>putuerunt</span> <span class='ocrx_word' id='word_1_469' title='bbox 1275 4781 1303 4816; x_wconf 83' lang='lat' dir='ltr'>et</span> <span class='ocrx_word' id='word_1_470' title='bbox 1317 4766 1411 4824; x_wconf 83' lang='grc'>551515,</span> <span class='ocrx_word' id='word_1_471' title='bbox 1432 4779 1578 4830; x_wconf 75' lang='lat' dir='ltr'>quemquem</span> 
     </span>
     <span class='ocr_line' id='line_1_43' title="bbox 218 4852 1248 4922; baseline 0 -18"><span class='ocrx_word' id='word_1_472' title='bbox 218 4855 297 4905; x_wconf 85' lang='lat' dir='ltr'>uliter</span> <span class='ocrx_word' id='word_1_473' title='bbox 317 4862 424 4908; x_wconf 87' lang='lat' dir='ltr'>oeuseut</span> <span class='ocrx_word' id='word_1_474' title='bbox 443 4855 576 4907; x_wconf 79' lang='lat' dir='ltr'>lienteum</span> <span class='ocrx_word' id='word_1_475' title='bbox 595 4856 612 4906; x_wconf 94' lang='lat' dir='ltr'>l.</span> <span class='ocrx_word' id='word_1_476' title='bbox 626 4873 647 4907; x_wconf 94' lang='grc'>5.</span> <span class='ocrx_word' id='word_1_477' title='bbox 667 4863 693 4908; x_wconf 87' lang='grc'>51</span> <span class='ocrx_word' id='word_1_478' title='bbox 709 4854 899 4922; x_wconf 83' lang='lat' dir='ltr'>llerquurdtius</span> <span class='ocrx_word' id='word_1_479' title='bbox 915 4853 1078 4906; x_wconf 77' lang='lat' dir='ltr'>Stoatmerw,</span> <span class='ocrx_word' id='word_1_480' title='bbox 1103 4853 1132 4902; x_wconf 86' lang='lat'>1¹</span> <span class='ocrx_word' id='word_1_481' title='bbox 1153 4869 1177 4920; x_wconf 90' lang='lat' dir='ltr'>p.</span> <span class='ocrx_word' id='word_1_482' title='bbox 1190 4852 1248 4904; x_wconf 86' lang='grc'>387.</span> 
     </span>
    </p>
   </div>
   <div class='ocr_carea' id='block_1_6' title="bbox 0 0 1913 5580">
    <p class='ocr_par' dir='ltr' id='par_1_7' title="bbox 0 0 1913 5580">
     <span class='ocr_line' id='line_1_44' title="bbox 0 0 1913 5580; baseline 0 0"><span class='ocrx_word' id='word_1_483' title='bbox 0 0 1913 5580; x_wconf 95' lang='lat' dir='ltr'> </span> 
     </span>
    </p>
   </div>
  </div>
 </body>
</html>
