3796 5588
554 712 586 775 V.
620 712 974 776 uouurttntttttuuvu
998 711 1211 772 EXEMPLVM.

305 851 529 914 llordtmannus
552 851 782 933 Hamburgensis
804 853 1065 934 Constantinopoli,
1088 850 1139 914 ubi
1154 849 1284 931 degebat,
1306 849 1468 911 academiae
1484 867 1556 910 nos-

206 963 269 1016 trae
290 955 373 1017 iussu
396 973 498 1017 mense
522 955 643 1018 Octobri
665 975 691 1018 a.
708 955 790 1018 1859
811 957 958 1037 hngoram
981 960 1129 1038 protectus
1152 963 1206 1022 est,
1230 952 1356 1014 maxime
1378 961 1412 1014 ut
1433 952 1556 1014 Graecae

205 1058 347 1120 versionis
369 1069 483 1138 partem
506 1058 660 1120 etiamtum
682 1059 821 1122 latentem
844 1061 869 1121 si
891 1061 953 1122 lieri
975 1069 1075 1141 posset
1096 1058 1251 1137 detegeret,
1275 1056 1379 1117 deinde
1393 1055 1485 1136 partis
1500 1053 1556 1114 La·

207 1162 284 1224 tinae
313 1170 343 1222 et
372 1160 571 1241 apographum
600 1169 630 1223 et
657 1171 793 1244 ectypum
821 1164 921 1225 charta
949 1163 1063 1225 madida
1091 1166 1195 1223 tactam
1224 1169 1259 1222 ut
1279 1169 1409 1240 pararem
1435 1157 1557 1220 namin

205 1264 357 1326 condendo
379 1282 457 1324 novo
478 1283 600 1344 corpore
625 1265 849 1345 inscriptionum
873 1265 1042 1327 Latinarum
1066 1274 1100 1326 ut
1122 1271 1315 1326 monumento
1330 1261 1482 1342 Ancyrano
1505 1279 1555 1322 ex·

204 1367 310 1448 plendo
331 1378 361 1428 et
382 1366 564 1429 restituendo
586 1377 653 1430 ante
676 1369 773 1430 omnia
796 1388 883 1450 opera
905 1370 1032 1442 daretur,
1055 1369 1201 1430 academia
1224 1368 1399 1429 decreverat.
1437 1363 1493 1427 Sed
1509 1381 1557 1424 res

204 1471 289 1533 nohis
311 1470 400 1532 cessit
421 1488 480 1532 uon
504 1489 539 1532 cx
561 1479 638 1532 roto.
684 1472 791 1534 Graeca
821 1490 894 1550 quae
917 1471 1045 1534 latebant
1067 1481 1101 1534 ut
1122 1472 1339 1551 detegerentur,
1367 1467 1478 1530 domini
1501 1465 1557 1528 loci

205 1593 266 1635 non
288 1573 505 1655 permiserunt;
528 1582 663 1656 ectypum
688 1575 749 1636 lieri
771 1593 857 1656 posse
879 1575 904 1637 is
927 1577 975 1638 cui
997 1595 1029 1636 ea
1052 1595 1099 1637 res
1115 1575 1249 1636 mandata
1264 1574 1464 1652 eratnegarit,
1487 1589 1557 1631 cau-

204 1687 285 1739 satus
307 1679 345 1740 ita
372 1677 593 1758 inscriptionem
620 1679 714 1758 ipsam
741 1697 860 1758 pessum
885 1679 986 1741 datum
1009 1679 1054 1740 iri.
1100 1678 1179 1740 hlisit
1200 1678 1279 1739 idem
1303 1676 1380 1757 quod
1404 1683 1558 1754 exceperat

204 1779 381 1862 exemplum,
404 1801 464 1861 quo
486 1782 652 1862 complures
674 1781 794 1862 quidem
818 1782 897 1843 locos
920 1791 997 1844 recte
1019 1801 1054 1842 ex
1076 1781 1170 1862 lapide
1190 1779 1364 1852 emendavit,
1387 1787 1477 1840 totam
1493 1794 1556 1838 rem

204 1902 388 1965 nequaquam
418 1883 530 1965 peregit
556 1905 588 1946 ea
611 1904 668 1967 qua
691 1905 744 1966 par
770 1895 833 1946 erat
859 1903 929 1947 cura
951 1893 981 1946 et
1003 1885 1203 1966 simplicitate;
1233 1901 1301 1945 nam
1325 1881 1388 1945 aliis
1410 1881 1482 1942 locis
1503 1897 1557 1940 ne-

205 2007 262 2068 que
284 1987 320 2048 iis
342 1987 453 2067 paucis,
477 1988 615 2068 deceptus
639 1988 764 2050 maxime
787 1988 1002 2069 supplementis
1023 1987 1215 2069 Zumptianis,
1238 2006 1271 2048 ea
1293 1985 1348 2048 sihi
1363 1985 1460 2046 ridere
1477 1982 1557 2044 visus

205 2100 251 2153 est
277 2091 307 2153 in
335 2089 430 2171 lapide
452 2109 525 2171 quae
552 2102 747 2172 proposuerat
773 2092 869 2156 editor
895 2092 1107 2168 Berolinensis3
1139 2091 1223 2154 cuius
1250 2091 1351 2171 culpae
1372 2088 1555 2149 luculentum

206 2194 371 2274 exemplum
400 2193 521 2274 praebet
550 2205 638 2275 caput
665 2197 693 2270 5,
710 2195 859 2256 24-34.
903 2196 1000 2269 Quare
1027 2197 1135 2258 inritus
1157 2195 1292 2276 quidem,
1320 2193 1370 2254 sed
1392 2189 1556 2252 necessario

205 2299 262 2359 hoc
284 2298 451 2377 exemplum
474 2297 513 2359 ita
536 2298 670 2373 adhibui,
699 2308 733 2361 ut
758 2299 786 2362 ei
808 2299 861 2361 soli
883 2299 970 2360 iidem
994 2317 1052 2361 non
1075 2299 1212 2362 haberem
1234 2297 1292 2359 nisi
1314 2295 1344 2357 in
1368 2313 1398 2356 re
1419 2292 1556 2355 evidenti.

589 2572 634 2634 vt.
669 2572 938 2635 rnnnortluvu
961 2572 1176 2635 EXEMPLVM.

304 2709 435 2771 Tandem
463 2709 618 2791 aliquando
644 2731 719 2792 quae
741 2732 797 2775 nos
820 2715 928 2776 trustra
952 2721 1165 2794 temptaramus
1187 2713 1382 2792 perlccerunt,
1405 2708 1482 2770 sicut
1504 2727 1556 2770 su·

202 2832 255 2892 pra
283 2812 403 2886 monui,
435 2813 576 2893 Georgius
598 2815 703 2879 Perrot
731 2825 762 2878 et
782 2817 956 2880 Edmundus
979 2816 1159 2888 Guillaume,
1186 2814 1237 2894 qui
1266 2813 1349 2876 iussu
1373 2811 1557 2894 imperatoris

204 2915 354 2978 Gallorum
377 2915 553 2997 Napoleonis
576 2917 615 2979 111
642 2919 782 2982 Galatiam
810 2932 839 2982 et
861 2920 1026 3001 Bithyniam
1050 2939 1076 2980 a.
1094 2918 1172 2981 1861
1203 2925 1403 2998 peragrarunt.
1447 2914 1554 2996 Ectypa

202 3019 320 3100 quidem
344 3019 406 3081 fleri
429 3038 516 3100 posse
539 3030 569 3082 et
589 3021 646 3103 ipsi
668 3033 822 3104 negarunt,
845 3024 896 3086 sed
918 3041 1034 3084 summa
1056 3041 1126 3084 cura
1148 3019 1368 3100 inscriptionem
1385 3037 1556 3098 repraesen-

203 3131 303 3184 tanmt
332 3122 439 3184 tabulis
472 3123 623 3187 delineatis
652 3127 690 3188 ad
716 3129 841 3190 sormam
876 3126 1167 3206 magnitudinemque
1195 3121 1344 3204 archetypi
1372 3121 1555 3202 exemplaris,

204 3245 279 3307 quae
303 3226 416 3288 tabulae
437 3226 496 3288 iam
519 3237 653 3308 prostant
674 3229 794 3292 Parisiis
816 3231 847 3292 in
871 3249 973 3292 museo
995 3228 1210 3310 Napoleoniano
1218 3229 1252 3308 ¹).
1296 3226 1419 3288 Easdem
1442 3225 1556 3286 tabulas

204 3347 271 3390 mox
293 3330 388 3390 lorma
410 3329 525 3391 minore
553 3331 710 3395 ediderunt
731 3334 761 3394 in
784 3333 936 3416 splendido
959 3332 1109 3396 itinerario
1131 3331 1325 3412 (ecplnrntiou
1346 3329 1556 3410 archiolcgipue

203 3433 237 3494 de
259 3432 288 3494 ln
313 3430 422 3494 Galatia
444 3445 470 3497 ct
492 3434 675 3515 lnBithyuie.
710 3436 827 3499 Parisiis
852 3437 1070 3500 recu-1872.
1094 3435 1166 3515 iol),
1190 3434 1239 3495 uhi
1255 3433 1358 3496 Latina
1381 3432 1556 3494 exhihentur

202 3534 309 3598 tabulis
331 3535 444 3598 duabus
466 3556 496 3598 rr.
512 3537 563 3598 25.
579 3538 620 3601 26
642 3538 737 3618 iisque
758 3539 906 3620 aliquanto
928 3549 996 3603 ante
1018 3559 1105 3620 quam
1129 3537 1239 3618 publici
1260 3536 1334 3599 iuris
1356 3537 1461 3598 tierent
1484 3551 1555 3596 usus

202 3657 269 3701 sum
291 3638 432 3701 beneficio
454 3639 578 3704 Perroti.
624 3641 686 3703 lloc
713 3643 879 3724 exemplum
910 3643 950 3705 ita
976 3647 1139 3724 perlectum
1162 3651 1207 3704 est
1229 3641 1316 3703 etiam
1340 3641 1369 3702 in
1392 3637 1555 3701 indicandis

201 3740 335 3804 hiatuum
360 3743 461 3822 spatiis
483 3744 578 3819 iustis,
601 3754 635 3808 ut
656 3745 844 3826 paucissimis
866 3747 936 3809 locis
959 3747 1087 3828 exceptis
1102 3765 1171 3827 prae
1186 3765 1222 3808 eo
1237 3746 1347 3824 reliqua
1362 3743 1461 3805 omnia
1476 3751 1554 3804 recte

300 3943 322 4005 ¹)
351 3943 466 4010 Comptas
497 3941 592 3996 rsadus
617 3943 647 3996 de
675 3943 831 3996 l'Acndiruie
859 3945 903 3998 des
930 3949 1095 4015 inscriptions
1125 3947 1188 4000 1861
1218 3961 1242 4012 p.
1260 3945 1322 3996 243:
1353 3941 1390 3996 Ua
1411 3945 1557 4012 mtnrnpnge

197 4026 308 4094 ge'rrs'ral
323 4034 360 4080 est
378 4029 534 4098 impossrhle:
560 4031 590 4081 1⁰
606 4046 673 4100 pour
691 4030 858 4100 l’r'rrscrr‘ptiou
875 4031 963 4098 latium
985 4029 1095 4084 decusa
1111 4031 1156 4084 des
1173 4037 1247 4083 trum
1263 4029 1389 4100 persuade
1406 4031 1451 4096 qui
1464 4045 1481 4097 g
1498 4033 1556 4080 soret

198 4114 331 4182 praiique's
348 4132 380 4166 err
396 4113 523 4183 plusieurs
539 4115 669 4184 eudroiis,
686 4134 723 4168 au
737 4121 810 4186 pooiet
828 4134 874 4184 pue
892 4118 918 4169 ln
935 4121 1039 4186 suffoco
1055 4135 1083 4170 so
1100 4118 1191 4171 de'rohe
1207 4121 1232 4168 et
1249 4117 1376 4184 s'rnsorree
1393 4110 1410 4166 ὰ
1425 4113 1556 4184 plusieurs

200 4199 359 4253 certamiine
380 4199 411 4251 de
431 4201 601 4269 presondeur;
624 4203 657 4252 2⁰
677 4221 743 4273 pour
764 4204 930 4275 l’inseripliorr
950 4221 1075 4273 grecpue,
1099 4200 1115 4256 d
1137 4220 1211 4255 cause
1233 4203 1277 4255 des
1297 4206 1401 4270 paredros
1423 4218 1470 4268 quc
1491 4216 1556 4252 acras

199 4303 309 4338 sommas
332 4286 426 4354 odlage's
447 4286 477 4339 de
500 4285 591 4341 laisser·
613 4289 724 4343 dresso'es
746 4295 833 4342 contre
855 4293 876 4343 la
898 4307 958 4344 mur
982 4292 1034 4359 nfirr
1057 4289 1087 4342 de
1109 4293 1222 4342 mcteuir
1243 4289 1265 4340 le
1288 4291 1335 4340 tuit
1358 4287 1388 4340 de
1405 4288 1431 4339 la
1448 4291 1554 4339 maisou.

201 4371 269 4424 Mais
285 4389 351 4426 nous
369 4378 558 4443 repperiernns,
576 4380 650 4428 outre
666 4375 711 4428 dos
725 4379 827 4444 partios
844 4376 992 4446 estampdcs,
1009 4380 1055 4443 qui
1064 4376 1205 4428 durauerant
1216 4374 1338 4444 lasorme
1348 4373 1392 4426 des
1404 4373 1555 4441 cnraeie‘rcs,

200 4459 302 4526 quelque
320 4462 394 4512 chose
410 4465 453 4528 qui
467 4467 607 4530 permettrc
625 4463 656 4516 da
672 4477 789 4514 mesurer
804 4466 829 4512 et
847 4461 878 4514 ds
896 4462 1003 4532 remplir
1020 4463 1056 4514 los
1073 4461 1142 4514 uides
1159 4477 1218 4514 ecee
1235 4479 1285 4514 rma
1296 4461 1439 4514 audituris
1448 4476 1556 4529 presque

200 4544 406 4612 mstde'mntiapre.
442 4546 476 4599 Μ.
492 4545 633 4600 Guillaurua
651 4567 668 4600 a
685 4566 715 4600 eu
735 4548 893 4616 topasion
912 4546 1222 4612 remurmuremus,
1246 4550 1336 4617 pierre
1349 4563 1400 4616 por
1414 4549 1508 4614 pierre,
1525 4563 1555 4598 err

200 4631 332 4696 indiqunat
350 4631 385 4682 les
401 4631 530 4684 moiadres
547 4649 675 4700 cosmam,
692 4651 750 4686 naec
767 4634 824 4686 leur
840 4637 910 4686 urnis
927 4635 1039 4702 iurgatur,
1057 4639 1141 4686 toules
1157 4635 1193 4686 les
1209 4634 1330 4700 sursum
1346 4637 1391 4700 pus*
1399 4637 1501 4700 portent
1512 4633 1555 4684 der

200 4719 377 4785 trascriptioas,
401 4716 568 4771 uest-tum
590 4719 625 4772 les
642 4720 711 4774 durs
721 4722 800 4789 seces
818 4721 853 4773 du
869 4737 978 4790 mneos
995 4721 1061 4772 atie
1082 4736 1143 4773 matr
1160 4719 1291 4772 este'rim
1307 4717 1338 4771 ds
1355 4720 1381 4770 ln
1398 4719 1466 4771 calla.
1502 4717 1555 4769 Sur

201 4817 241 4853 ees
250 4803 374 4871 satelles,
390 4807 420 4872 js
443 4809 549 4857 mettrui
565 4805 583 4858 d
605 4807 662 4859 lerer
677 4807 748 4876 ploce
764 4808 802 4859 ias
825 4807 895 4860 dorm
917 4811 1077 4876 inscriptions
1098 4808 1120 4859 le
1136 4823 1237 4876 compos
1255 4802 1272 4858 ὰ
1289 4805 1314 4858 ta
1331 4808 1410 4856 mnia.
1447 4805 1480 4856 Co
1497 4819 1556 4856 sera

201 4905 297 4942 comm
314 4907 349 4941 ure
367 4889 422 4941 tur
439 4891 533 4960 actual,
551 4909 600 4944 une
616 4897 687 4945 urcio
700 4895 885 4964 photographis
902 4893 934 4945 do
950 4894 1126 4963 l'iascripts‘ors.
1161 4892 1200 4946 Cf.
1218 4893 1311 4946 ibidem
1331 4891 1396 4943 1862
1414 4907 1437 4958 p.
1457 4891 1497 4941 63.
