3798 5584
949 471 1003 540 ΙΠ,
1023 474 1091 528 1-6

545 672 557 715 ι
585 651 787 732 magistratum
815 651 925 715 inirent
956 663 1024 735 post
1056 650 1311 733 quinlquennium.
1360 654 1398 717 Et
1424 675 1459 717 er
1488 657 1523 718 ed
1552 654 1607 728 die,
1634 656 1694 736 qud

544 771 557 817 ι
584 754 700 818 deducn'
722 757 810 834 [olunt
830 756 861 820 in
884 760 990 832 lorum,
1014 767 1048 820 ut
1065 758 1242 821 interessent
1260 758 1391 822 consiliis
1415 755 1420 842 Ι
1444 758 1570 840 publicis
1592 758 1695 820 decre-

543 875 557 920 s
584 857 627 921 vit
648 861 828 938 ποιήσοις
863 859 984 942 Equites
1007 863 1125 940 [alutem
1141 860 1267 924 Remini
1288 861 1417 925 universi
1438 861 1600 944 principem
1620 859 1625 945 Ι
1644 863 1693 924 iu·

583 961 710 1025 renuitis
741 972 900 1045 utrumque
927 967 1028 1028 ebrum
1055 966 1183 1046 parmle's]
1206 974 1237 1028 et
1262 965 1355 1030 hastis
1382 967 1525 1046 argenteis
1554 965 1694 1028 donatum

543 1085 556 1128 ο
584 1063 819 1148 aplpelldverunt.
835 1072 853 1144 ᾖ
872 1064 877 1152 Ι

426 1185 471 1229 cn.
487 1168 516 1242 7,
533 1186 557 1232 11
588 1166 592 1246 Ι
620 1165 717 1244 Υἶοιίς
745 1192 810 1250 μου
839 1168 942 1234 Γάιον
968 1169 1023 1234 καὶ
1056 1169 1203 1236 Λεύκιον
1236 1173 1444 1256 dalmaticae,
1479 1167 1536 1247 οὕς
1564 1174 1694 1245 νεανίας

486 1290 513 1335 ιι
528 1290 554 1336 ιι
581 1266 781 1356 ἆξνήρπασεν
808 1297 828 1358 q
850 1269 948 1358 τύχη,
977 1274 1024 1348 είς
1045 1274 1104 1358 τὴν
1125 1273 1207 1359 ἐμὴν
1227 1275 1365 1360 τιιμ[ὴ]ν
1390 1270 1410 1361 ἦ
1431 1278 1485 1356 cle]
1510 1271 1695 1358 cdvelqlcog

529 1392 555 1438 ιι
582 1373 637 1437 καὶ
665 1371 682 1439 o‘
705 1372 808 1460 δῆμος
833 1377 898 1442 τῶν
922 1374 1090 1461 Ῥωμαίων
1119 1377 1439 1455 πεντεκαιδεκαέτεις
1458 1379 1463 1462 l
1482 1376 1580 1453 ὄντας
1606 1374 1695 1443 ὑπά-

528 1497 555 1540 15
582 1499 656 1553 τους
685 1473 875 1558 ἀπέδειξεν,
907 1485 963 1545 ίνα
989 1480 1072 1565 μετὰ
1097 1485 1195 1548 πέντε
1222 1481 1276 1568 ἔτη
1298 1482 1369 1567 {ste
1394 1483 1452 1568 τὴν
1473 1478 1603 1548 ὕπατον
1623 1483 1693 1562 (scr.

528 1601 554 1645 ιι
580 1577 728 1662 ὑπάτων)
758 1579 858 1669 ἀρχὴν
885 1581 1101 1651 εἰσέλθωσιν
1135 1586 1190 1651 καὶ
1219 1583 1285 1671 ἀφ’
1311 1579 1349 1672 ἧς
1378 1584 1421 1650 ἄν
1444 1586 1447 1668 Ι
1472 1582 1614 1674 ἤμέ[ρα]ς
1636 1585 1694 1665 [εἰς

445 1722 450 1738 ·
529 1704 555 1749 tr
581 1685 641 1771 τὴν
662 1683 795 1772 ᾶ]γοράν
817 1690 1084 1768 [κατ]αχθ[ὥ]σιν,
1109 1695 1164 1754 ἵνα
1186 1686 1397 1774 [μεΙτέχωΙσιν
1417 1691 1474 1771 τῆς
1495 1685 1694 1774 σν[ν]ιιλήτοο

439 1805 441 1812 ·
527 1808 554 1854 ts
580 1787 782 1875 ἐψηφίσατο.
815 1797 833 1870 ξ
883 1788 1001 1867 ἱππεῖς
1033 1790 1070 1856 δὲ
1101 1788 1279 1878 ῬωΙμαίοιν
1312 1791 1513 1875 σύν[π]αντες
1550 1787 1694 1880 ἡγεμόνα

529 1913 555 1958 rs
581 1886 733 1978 νεότητος
759 1891 922 1977 ἑκάτεΙρον
953 1891 1063 1961 αὐτοῖν
1086 1895 1390 1983 [πρίοσηγόρενσαη
1418 1894 1561 1962 ἀσπίσιν
1593 1893 1693 1978 ἀργο-

527 2017 555 2061 ac
584 1991 676 2083 ρέαις
694 1997 700 2083 Ι
720 1997 777 2062 καὶ
799 1996 936 2082 δόρασιν
958 1998 1153 2084 [έτ]είμησαν
1176 1999 1192 2082 l.

342 2099 404 2162 bat.
421 2099 452 2172 3,
474 2099 493 2163 3
518 2102 603 2180 [dom
631 2103 662 2165 in
689 2103 783 2185 lapide
809 2103 917 2179 luisse,
945 2123 1123 2185 quamquam
1148 2106 1242 2186 prima
1264 2105 1361 2168 littera
1383 2105 1452 2168 olim
1476 2105 1571 2187 periit,
1593 2104 1693 2168 hiatus

339 2203 467 2267 ambitus
489 2214 520 2267 ct
541 2208 636 2268 forma
664 2207 820 2282 declarant,
846 2226 906 2271 non
935 2210 1040 2288 [erluot
1066 2229 1084 2272 a
1111 2209 1235 2291 Berglrio
1263 2209 1455 2292 propositum.
1479 2244 1520 2254 -
1543 2209 1592 2272 Gr.
1611 2211 1649 2269 14
1673 2203 1692 2272 οι

339 2304 441 2389 δῆμος
470 2309 535 2370 τῶν
559 2303 729 2393 Ῥωμαίων
754 2330 807 2393 pro
835 2306 853 2376 o‘
876 2307 1047 2394 Ῥωμαίων
1078 2313 1141 2376 sine
1170 2313 1259 2377 dubio
1288 2334 1305 2376 a
1333 2313 1517 2395 quadratario
1538 2313 1691 2394 Ancyrano

338 2409 426 2483 venit
456 2429 517 2472 non
544 2411 580 2474 ab
602 2412 763 2496 interprete
785 2415 825 2495 (v.
841 2434 930 2497 supra
952 2417 1046 2493 Gn3,
1065 2420 1127 2495 14).
1150 2453 1191 2463 -
1213 2417 1254 2480 20
1276 2417 1387 2498 requiri
1415 2411 1610 2499 τιμήσαντος
1638 2435 1692 2496 pro

338 2510 515 2597 έτείμογσαν
536 2515 685 2578 adnotavit
706 2518 858 2599 Bergldus.

438 2617 544 2680 lisdem
580 2623 640 2682 lere
674 2621 769 2684 verbis
797 2622 947 2704 Augustus
978 2632 1188 2688 testamentum
1218 2643 1305 2687 suum
1336 2642 1458 2686 exorsus
1485 2631 1531 2684 est
1557 2622 1691 2703 (Sueton.

338 2720 404 2782 Tib.
425 2720 493 2799 78);
527 2728 661 2805 quom'om
693 2735 780 2788 αισα
811 2728 934 2807 [σταται
962 2727 1066 2791 Gutum
1097 2740 1122 2791 et
1148 2728 1268 2791 bunum
1299 2725 1374 2810 filios
1405 2725 1478 2789 mili
1508 2729 1622 2807 empsit.
1650 2759 1692 2771 -

338 2825 369 2887 C.
385 2825 490 2888 Caesar
511 2836 598 2890 natus
620 2848 646 2891 a.
663 2829 724 2891 734
746 2829 813 2911 (llio
836 2831 886 2905 54,
910 2830 952 2911 8),
975 2851 1000 2894 a.
1017 2831 1078 2894 737
1101 2851 1169 2895 cum
1193 2835 1281 2894 lretm
1300 2830 1404 2893 abavo
1419 2838 1553 2892 materno
1568 2829 1693 2909 adopta-

339 2936 386 2989 tus
416 2929 482 3010 (llio
505 2931 559 3005 54,
593 2931 644 3002 18,
672 2931 816 2995 Eusebius
838 2934 875 2996 ad
897 2952 922 2995 a.
937 2935 1007 2996 Abr.
1030 2935 1123 3011 2001,
1147 2957 1176 2999 u.
1198 2955 1223 2998 c.
1248 2933 1323 2998 739:
1361 2929 1554 3011 Αὔγουστος
1589 2930 1694 2995 Γάιον

332 3025 524 3114 Ἀγρίππαν
544 3029 794 3119 οἶοθετήσατο),
825 3057 893 3100 cunr
916 3049 1055 3120 quartum
1078 3040 1357 3103 decimumnonum
1381 3038 1555 3120 explevisset
1575 3055 1602 3098 a.
1618 3035 1691 3110 748,

336 3134 368 3196 in
390 3138 488 3198 lorum
511 3137 654 3202 deductus
676 3147 722 3201 est
742 3159 759 3201 a
781 3149 863 3221 patre
885 3143 1006 3205 consule
1028 3162 1067 3204 ιιι
1083 3163 1109 3206 a.
1126 3143 1188 3205 749
1203 3143 1337 3225 (Sueton.
1354 3142 1428 3223 Aug.
1444 3141 1495 3214 263
1519 3141 1690 3228 zonarii),

337 3238 407 3321 35),
436 3241 510 3323 ipsis
536 3243 640 3324 opinor
662 3243 690 3304 l.
713 3244 869 3318 Ianuariis,
897 3255 976 3309 certe
1006 3265 1066 3308 non
1094 3246 1186 3310 multo
1213 3257 1294 3328 post,
1331 3265 1399 3310 cunr
1427 3255 1509 3329 pater
1535 3245 1691 3308 consulatu

336 3353 457 3424 propter
480 3346 555 3408 banc
576 3345 780 3410 deductionem
804 3359 922 3431 accepto
946 3368 1014 3412 mox
1036 3369 1068 3414 se
1090 3349 1239 3414 abdicarit
1278 3351 1420 3415 Similiter
1434 3351 1467 3412 L.
1483 3351 1589 3414 Caesar
1602 3357 1690 3412 uatus

337 3465 362 3508 a.
379 3447 440 3508 737
463 3447 595 3527 (riost,
613 3450 675 3531 18),
697 3452 853 3533 adoptatus
880 3472 937 3516 una
957 3471 1027 3516 cum
1050 3456 1147 3529 tratre,
1171 3472 1239 3518 oum
1259 3473 1371 3518 annum
1387 3462 1527 3535 quartum
1543 3452 1690 3516 decimum

337 3550 510 3632 explevisset
536 3572 562 3615 a.
580 3553 656 3628 751,
686 3562 782 3635 togam
805 3555 917 3618 virilem
939 3557 1088 3638 accepite
1110 3567 1193 3639 patre
1214 3556 1334 3620 consule
1356 3574 1408 3617 rur
1430 3575 1455 3618 a.
1472 3555 1534 3618 752
1557 3556 1690 3637 (Sueton.

336 3651 355 3714 l.
376 3673 416 3728 ας
450 3665 528 3718 errat
558 3657 589 3718 in
622 3675 699 3721 anno
727 3659 854 3723 Zonaras
875 3660 894 3722 l.
915 3666 965 3738 c),
997 3661 1068 3723 item
1100 3661 1205 3743 opinor
1232 3661 1260 3723 l.
1283 3660 1435 3723 Ianuariis.
1490 3658 1558 3721 Tria
1591 3667 1690 3721 autem

336 3757 486 3839 Augustus
508 3759 649 3823 hocloco
671 3762 773 3826 scribit
792 3764 823 3828 in
845 3765 989 3827 honorem
1012 3764 1075 3827 Gaii
1097 3773 1128 3827 et
1141 3764 1225 3828 Lucii
1247 3775 1310 3828 tum
1326 3763 1442 3827 decreta
1458 3780 1531 3835 esse,
1555 3760 1691 3842 designa-

336 3861 448 3925 tionem
470 3863 656 3940 consulatus‚
683 3867 864 3931 senatorium
891 3869 1004 3944 locum,
1034 3868 1233 3951 principatum
1266 3867 1437 3932 iurentub’s.
1492 3864 1534 3930 De
1566 3863 1691 3945 singulis

335 3965 394 4029 iam
416 3967 576 4032 videamus.

436 4071 475 4135 Ut
490 4073 560 4137 Gaio
582 4074 666 4138 fratri
687 4075 819 4138 nondum
841 4085 959 4159 sumpta
980 4075 1056 4138 virili
1079 4085 1145 4157 toga
1166 4075 1334 4138 consulatus
1354 4072 1541 4146 tribueretur,
1563 4070 1616 4134 uio
1639 4072 1691 4146 55,

337 4173 356 4236 9
378 4175 414 4236 ad
433 4195 459 4238 a.
476 4177 536 4240 748
559 4187 660 4242 narrat
681 4179 805 4242 Lucium
828 4180 980 4242 Caesarem
1003 4178 1132 4261 petiisse,
1155 4178 1207 4241 sed
1228 4177 1395 4257 Augustum
1411 4177 1599 4257 deprecatum
1615 4193 1690 4250 esse,

335 4296 372 4340 ne
388 4279 453 4342 talis
468 4282 617 4347 calamitas
630 4301 734 4345 rursus
748 4282 898 4364 ingrueret
911 4283 943 4344 in
957 4301 1021 4344 rem
1036 4281 1193 4364 publicam,
1206 4280 1286 4362 quali
1299 4289 1417 4343 coactus
1428 4279 1492 4361 ipse
1503 4279 1690 4341 consulatum

336 4391 404 4444 ante
430 4401 541 4447 annum
570 4386 741 4450 vicesimum
769 4385 897 4460 iniisset;
923 4385 1013 4448 simul
1038 4385 1093 4448 alia
1115 4385 1257 4466 quaedam
1278 4403 1333 4466 pro
1363 4383 1517 4448 consulatu
1549 4382 1692 4462 denegato

335 4503 404 4547 enm
437 4488 508 4550 Gaio
542 4488 688 4552 tribuisse.
743 4488 821 4552 llaec
853 4489 997 4564 uomodo,
1036 4488 1094 4551 nisi
1131 4491 1206 4551 forte
1238 4487 1294 4549 uio
1334 4486 1366 4550 iu
1404 4487 1536 4549 eiusdem
1576 4485 1692 4548 annalis

334 4597 416 4669 parte
447 4592 608 4672 posteriorc
634 4593 739 4656 adiecit
766 4592 868 4655 eodem
896 4611 973 4655 anno
1000 4593 1036 4654 de
1057 4592 1164 4655 eadem
1191 4611 1223 4654 rc
1249 4609 1353 4654 rursus
1374 4590 1516 4671 aliterque
1539 4591 1691 4653 decretum

335 4711 414 4766 esse,
442 4694 472 4755 id
498 4695 577 4775 quod
598 4715 703 4777 parum
725 4695 882 4760 verisimile
904 4706 963 4772 est,
990 4696 1120 4760 ostendit
1141 4695 1246 4758 Gaium
1269 4713 1329 4756 non
1351 4713 1430 4756 anno
1453 4693 1515 4756 748
1537 4693 1691 4756 consulem

334 4794 518 4877 designatum
540 4817 621 4874 csse;
643 4808 798 4882 potestque
821 4800 850 4861 id
872 4808 951 4862 recte
973 4818 1041 4861 cum
1064 4798 1159 4861 indice
1181 4798 1220 4861 ita
1236 4796 1395 4872 conciliari,
1417 4807 1452 4860 ut
1467 4797 1635 4878 designatus
1652 4797 1693 4860 sit

334 4909 402 4980 post
429 4900 458 4963 k.
474 4901 534 4963 lau.
558 4921 583 4965 a.
601 4904 663 4965 749
696 4913 814 4985 sumpta
843 4912 909 4984 toga
935 4902 1025 4977 virili,
1056 4901 1275 4983 quintodecimo
1304 4919 1382 4964 anuo
1409 4901 1541 4964 noudum
1564 4900 1693 4982 expleto.
