3796 5588
332 433 481 488 XXXVIII

332 615 368 677 ad
390 613 608 696 topographiam
632 611 715 674 urbis
736 611 847 676 Romae
869 612 993 693 benigne
1024 622 1053 675 et
1079 613 1172 695 perite
1194 632 1242 676 me
1264 613 1372 676 adiurit
1395 613 1555 677 Henrioum
1578 615 1687 679 Jordan

332 717 503 799 praesertim
520 716 661 797 Georgius
677 715 778 777 Kaibel
800 716 924 778 Graecae
946 715 1182 798 interpretationi
1204 720 1385 780 fructuosam
1408 736 1509 780 curam
1532 717 1687 801 impendit.

430 822 476 883 lv.
511 821 588 883 liaeo
610 820 760 900 excipiunt
781 819 891 882 scholia
913 839 987 894 mea,
1010 820 1118 901 quibus
1140 829 1262 902 propter
1283 820 1401 882 lectoris
1417 823 1606 885 commodum
1623 834 1688 886 tex·

333 935 396 988 tum
412 934 572 1005 utrumque
588 923 755 1006 suppletum
779 924 916 997 eundem,
940 924 1050 1004 dequo
1066 925 1153 988 modo
1169 924 1237 998 dixi,
1261 924 1441 1005 capitulatim
1456 925 1622 1007 praeposui.
1654 928 1688 989 ln

331 1029 367 1091 iis
395 1029 513 1092 scholiis
536 1029 659 1090 eandem
682 1030 742 1088 tere
763 1028 856 1107 legem
880 1037 999 1089 secutus
1022 1047 1099 1102 sum,
1123 1030 1158 1090 de
1181 1048 1238 1108 qua
1260 1048 1348 1110 supra
1371 1029 1493 1109 exposui
1514 1029 1546 1092 in
1569 1032 1689 1113 supple-

331 1132 454 1207 mentis,
488 1132 558 1194 lalsa
586 1139 617 1193 et
643 1130 850 1212 praetermissa
878 1140 911 1192 ut
941 1132 1158 1211 corrigerentur
1188 1141 1218 1194 et
1244 1133 1432 1214 explerentur
1461 1133 1523 1196 sine
1550 1135 1689 1198 condona

330 1237 465 1319 priorum
494 1234 701 1315 exagitatione,
728 1254 763 1296 ex
793 1233 829 1296 iis
852 1243 951 1297 autem
978 1254 1054 1315 quae
1075 1255 1143 1298 uera
1166 1245 1196 1299 et
1217 1236 1377 1318 probabilia
1398 1236 1419 1297 ii
1442 1237 1618 1314 attulissent,
1640 1258 1689 1300 re-

331 1341 448 1403 condita
477 1347 594 1401 tantum
628 1347 658 1400 et
685 1337 777 1418 magis
812 1337 953 1418 exquisita
980 1339 1171 1402 laudarentur
1200 1340 1321 1403 nomine
1349 1340 1470 1402 adiecto.
1518 1340 1592 1403 Nam
1620 1361 1688 1405 cum

330 1446 402 1507 haec
424 1444 463 1506 sit
485 1441 632 1505 eiusmodi
654 1442 934 1504 commentariorum
958 1442 1042 1516 ratio,
1065 1451 1180 1505 utnon
1203 1463 1294 1524 pauca
1316 1443 1463 1525 interpres
1478 1444 1614 1507 omittere
1628 1465 1689 1508 non

330 1549 435 1612 debeat
462 1567 517 1610 nec
544 1547 616 1608 adeo
644 1557 732 1628 queat
759 1565 775 1607 a
804 1546 908 1627 quovis
935 1546 1056 1608 bomine
1082 1565 1142 1608 non
1172 1547 1238 1610 rudi
1265 1547 1345 1610 nullo
1368 1550 1486 1628 negotio
1508 1551 1688 1630 reperienda,

332 1651 399 1715 talia
426 1651 493 1732 quis
521 1650 636 1731 primus
668 1649 799 1712 attulerit
824 1669 880 1712 nec
910 1649 1040 1730 quaesivi
1067 1670 1121 1713 nec
1148 1651 1293 1714 adnotari.
1337 1651 1391 1714 Est
1417 1652 1495 1713 enim
1520 1655 1690 1734 interpretis

330 1775 390 1819 non
414 1756 509 1818 solum
534 1772 622 1817 suum
645 1754 751 1836 cuique
774 1754 913 1829 tribuere,
936 1754 987 1816 sed
1013 1755 1100 1817 etiam
1124 1774 1171 1817 res
1194 1757 1327 1819 omnium
1344 1774 1516 1818 communes
1532 1776 1549 1818 a
1563 1758 1690 1840 propriis

331 1870 360 1922 et
382 1859 498 1922 enmiis
521 1877 684 1933 secernere,
713 1855 909 1938 abhorretque
932 1859 1054 1920 omnino
1076 1879 1092 1920 a
1115 1860 1221 1923 studiis
1244 1860 1324 1922 hisce
1345 1860 1515 1922 liberalibus
1535 1861 1620 1923 anxia
1635 1881 1689 1924 au-

331 1963 475 2028 ctoritatis
498 1963 632 2044 quaestio
654 1962 741 2025 etiam
765 1964 795 2025 in
818 1961 863 2036 iis,
886 1981 961 2042 quae
984 1962 1008 2023 si
1031 1964 1083 2043 qui
1105 1963 1162 2025 sibi
1176 1963 1312 2039 vindicet,
1334 1965 1515 2046 pauperrimi
1531 1967 1641 2046 ingenii
1657 1987 1689 2030 se

331 2089 396 2132 esse
419 2069 482 2149 ipsa
505 2087 537 2129 re
560 2068 741 2130 confiteatur.
787 2065 924 2130 Ceterum
946 2065 1088 2129 iudicium
1111 2077 1174 2130 esto
1196 2068 1273 2148 apud
1295 2068 1419 2130 lectores
1441 2088 1549 2150 aequos
1573 2080 1603 2133 et
1616 2089 1690 2151 pru-

331 2174 443 2245 dentes,
466 2170 697 2233 commentarius
713 2171 838 2250 Augusti
861 2189 933 2233 num
956 2170 1014 2232 iam
1037 2171 1152 2251 plenius
1175 2180 1205 2233 ot
1226 2172 1334 2234 certius
1356 2173 1541 2254 intellegatur
1563 2192 1624 2236 non
1640 2193 1689 2236 so·

331 2278 392 2340 lum
415 2285 536 2358 propter
557 2294 632 2337 nora
655 2274 785 2336 subsidia
808 2274 890 2354 (nam
912 2274 968 2336 hac
989 2274 1108 2354 quidem
1132 2276 1166 2337 de
1189 2295 1220 2337 re
1243 2293 1331 2337 nemo
1354 2275 1503 2357 ambiget),
1525 2278 1577 2340 sed
1599 2277 1688 2341 etiam

330 2388 451 2462 propter
473 2397 585 2452 curam,
607 2397 695 2458 quam
719 2397 772 2458 ego
794 2378 825 2440 in
848 2396 916 2440 eum
939 2378 1079 2460 impendi.

431 2483 463 2544 V.
498 2482 629 2562 Denique
662 2492 777 2563 praeter
804 2491 962 2545 tractatum
993 2482 1028 2543 de
1057 2481 1091 2542 P.
1112 2481 1233 2562 Sulpicii
1255 2481 1381 2555 Quirinii
1409 2483 1495 2546 titulo
1522 2483 1687 2562 Tiburtino,

331 2607 420 2670 quem
444 2597 525 2650 extra
548 2588 682 2650 ordinem
704 2587 810 2663 addidi,
833 2586 943 2650 subieci
964 2584 1076 2648 iudices
1099 2594 1159 2647 tres
1181 2585 1362 2666 pertinentes
1384 2587 1420 2650 ad
1440 2588 1686 2651 commentarium

329 2692 466 2773 Augusti,¹
486 2700 676 2773 conspectum
700 2711 799 2754 rerum
824 2691 986 2753 secundum
1010 2688 1143 2752 ordinem
1166 2697 1334 2772 temporum
1356 2709 1416 2753 uon
1432 2691 1567 2753 inutilem
1583 2692 1688 2774 opinor

247 2810 254 2825 ·
329 2815 429 2859 rerum
463 2795 663 2858 Romanarum
697 2795 805 2858 suturis
832 2793 1067 2868 enarratoribus3
1093 2792 1221 2855 indicem
1254 2793 1411 2856 verborum
1442 2795 1568 2877 exempli
1591 2795 1688 2858 Latini

330 2899 453 2963 adiectis
476 2919 550 2979 quae
572 2900 769 2982 respondeant
790 2898 936 2962 vocabulis
960 2900 1086 2973 Graecis,
1108 2896 1278 2979 praemissis
1307 2906 1406 2960 autem
1433 2898 1687 2963 observationibus

329 3002 506 3084 quibusdam
522 3004 558 3065 de
574 3003 760 3066 monumenti
783 3003 989 3085 orthographia
1005 3014 1034 3065 et
1049 3002 1085 3064 de
1099 3001 1196 3065 indole
1212 3001 1422 3083 metaphrasim
1444 3002 1570 3066 indicem
1586 3023 1687 3066 rerum

328 3107 477 3188 potiorum
500 3106 532 3168 in
555 3107 673 3170 scholiis
695 3115 948 3188 pertractatarum.

429 3209 475 3270 Vl.
507 3210 661 3273 Adiectum
685 3219 731 3273 est
752 3211 918 3292 exemplum
942 3208 1280 3291 pbotolithographioum
1303 3211 1487 3272 monumenti
1510 3212 1610 3274 totius.
1654 3212 1686 3274 ld

329 3323 363 3377 ut
395 3315 431 3376 ad
460 3314 552 3396 spatia
579 3314 742 3378 definienda
769 3314 880 3377 utiliter
905 3313 1036 3376 adbiberi
1063 3322 1173 3394 potest,
1207 3312 1247 3374 ita
1277 3313 1312 3375 ad
1341 3314 1538 3394 agnoscendas
1564 3315 1686 3390 litteras,

329 3417 364 3479 de
391 3416 500 3497 quibus
527 3417 654 3479 dubitari
677 3428 787 3499 potest,
811 3435 994 3497 nequaquam
1018 3416 1153 3479 sufficiet.
1197 3415 1295 3477 Nihilo
1318 3418 1416 3478 minus
1438 3417 1469 3478 id
1490 3419 1526 3480 ab
1548 3419 1602 3481 hac
1624 3420 1687 3482 edi-

329 3520 408 3583 tione
430 3539 468 3582 ne
490 3521 614 3594 abesset,
637 3522 784 3583 academia
807 3530 908 3582 nostra
931 3519 1066 3592 decrerit,
1095 3528 1125 3581 et
1147 3528 1247 3600 gratus
1270 3519 1343 3580 mihi
1364 3520 1464 3582 iussus
1486 3521 1543 3583 luit
1565 3533 1686 3605 propter

329 3643 477 3687 summam
501 3624 690 3686 monumenti
710 3624 891 3705 dignitatem.
934 3625 972 3686 ht
994 3623 1019 3685 si
1041 3623 1093 3704 qui
1115 3624 1150 3685 de
1172 3623 1297 3686 lectione
1323 3633 1425 3686 nostra
1446 3624 1601 3700 dubitabit,
1624 3628 1687 3708 ple-

328 3747 455 3809 rumque
480 3747 540 3790 non
568 3728 604 3790 ad
638 3727 751 3790 tabulas
783 3736 916 3802 nostras,
951 3729 1002 3790 sed
1024 3728 1060 3789 ad
1094 3727 1229 3790 matrices
1258 3747 1332 3808 quas
1358 3728 1546 3792 adhibuimus
1573 3731 1687 3793 autad

328 3831 427 3912 ipsum
450 3849 581 3894 marmor
602 3832 638 3893 lis
661 3831 844 3894 diiudicanda
866 3833 931 3894 erit.

429 3935 507 3997 llaec
530 3935 638 4016 parari,
662 3944 696 3997 ut
718 3935 836 3998 titulum
860 3935 938 3997 inter
960 3933 1080 3997 Latinos
1102 3934 1277 4015 primarium
1299 3935 1340 3998 ita
1362 3954 1568 4018 proponerem,
1591 3945 1626 4000 ut
1639 3955 1687 3999 res

328 4039 453 4119 requirit
486 4039 675 4120 subsidiaque
708 4039 894 4121 permittunt.
936 4039 998 4102 lam
1026 4038 1123 4120 prodit
1150 4039 1380 4103 commentarius
1408 4059 1508 4102 rerum
1537 4050 1685 4120 gestarum

328 4144 387 4206 divi
402 4141 525 4222 hugusti
545 4161 613 4205 cum
630 4142 792 4223 integritati
807 4163 876 4206 suae
892 4144 1057 4217 restitutus,
1081 4151 1159 4205 certe
1174 4143 1254 4205 nullo
1270 4143 1352 4205 hiatu
1367 4142 1477 4205 maiore
1492 4143 1686 4226 interruptus,

329 4257 393 4311 tum
417 4255 484 4328 post
505 4245 602 4328 apices
625 4265 728 4310 omnes
751 4266 820 4310 cum
842 4266 912 4309 cura
927 4256 957 4309 et
971 4247 1028 4310 lide
1043 4256 1178 4330 exceptos
1194 4246 1327 4309 lectionis
1342 4247 1373 4308 in
1389 4247 1559 4310 universum
1575 4258 1686 4324 certae;

328 4360 358 4413 et
380 4369 448 4412 cum
471 4360 538 4413 vota
560 4351 701 4413 faciamus
723 4360 757 4414 ut
778 4351 830 4433 qui
851 4359 918 4434 post
940 4370 995 4414 nos
1015 4352 1142 4426 venient,
1165 4369 1239 4431 quae
1262 4351 1358 4413 adbuc
1373 4360 1535 4432 supersunt
1548 4362 1687 4434 corrupta

328 4463 358 4517 et
379 4454 473 4515 lacera
495 4455 653 4516 emendent
674 4464 705 4517 et
726 4456 868 4536 expleant,
891 4455 1038 4538 plerisque
1060 4464 1139 4518 certe
1154 4454 1304 4536 occupatis
1319 4463 1348 4517 et
1363 4454 1505 4518 absolutis
1520 4455 1584 4518 iure
1599 4456 1686 4518 nobis

328 4557 509 4638 gratulamur
530 4567 650 4640 propter
672 4559 821 4639 egregium
846 4569 1074 4623 monumentum
1089 4569 1190 4621 nostra
1206 4567 1299 4621 aetate
1313 4566 1517 4639 recuperatum
1534 4559 1686 4621 communi

328 4679 415 4742 opera
437 4661 523 4742 Angli
553 4661 682 4724 bominis
709 4672 738 4725 et
761 4663 833 4726 Galli
862 4673 891 4726 et
913 4664 1008 4744 aliqua
1030 4682 1148 4745 quoque
1170 4672 1271 4726 nostra
1292 4662 1448 4724 bominum
1471 4663 1685 4725 Germanorum

328 4764 478 4827 Humanni
502 4785 633 4846 meaque.

797 4961 1225 4994 *202*—
