3812 5580
381 483 444 548 178
659 479 864 537 P.SVLP1011
882 477 1044 545 QVIRINII
1061 478 1218 537 mvnvs
1237 479 1460 538 TIBVRTINVS

378 658 442 735 48).
479 659 608 739 Stirpem
630 668 698 740 post
719 679 751 722 se
772 679 833 722 non
855 661 974 741 reliquit
989 661 1069 742 (Tne.
1086 681 1154 724 ann.
1171 661 1199 737 3,
1216 661 1279 741 22).
1323 662 1356 722 ln
1380 661 1426 722 his
1448 669 1482 722 nt
1508 660 1602 722 multe
1623 659 1736 721 incerte

377 782 442 824 esse
472 771 566 843 patet,
596 762 636 825 ire
663 781 723 824 non
750 764 836 827 oredo
869 765 1026 845 quiequam
1059 767 1216 840 contineri,
1250 765 1327 846 quod
1360 784 1418 828 non
1453 764 1596 826 rationem
1630 762 1737 824 habent

377 873 408 928 et
426 865 661 946 probabilitatem
669 867 702 943 ¹).

379 1026 592 1036 -.--.—-—

477 1129 498 1195 ι)
516 1130 674 1180 Hermenuno
698 1127 822 1194 Gerlach,
846 1130 919 1181 cuins
942 1129 1015 1181 modo
1039 1130 1146 1182 offertor
1168 1128 1272 1181 libellus
1294 1128 1346 1194 (dio
1366 1130 1510 1180 rd'mr'solrcn
1532 1126 1685 1180 Sduddnlter
1707 1130 1736 1176 in

375 1213 466 1282 Syrien
484 1215 539 1265 ond
548 1215 643 1266 Iudaea
659 1231 706 1265 ooo
725 1216 758 1266 69
776 1231 819 1267 nor
834 1217 935 1268 Christo
952 1217 991 1266 bie
1008 1217 1040 1268 69
1060 1217 1124 1267 need
1139 1216 1245 1267 Christo.
1270 1216 1385 1266 Berolini
1408 1215 1478 1266 1865.
1493 1215 1515 1266 8.
1530 1232 1568 1282 pp.
1581 1215 1633 1280 02),
1652 1213 1734 1264 multo

376 1298 465 1350 labore
483 1308 511 1350 et
529 1300 594 1352 bone
612 1301 673 1367 fide,
694 1302 737 1352 red
757 1316 788 1352 ne
805 1301 926 1355 tirocinio
946 1304 1043 1370 quidem
1061 1303 1086 1352 in
1105 1303 1175 1353 hisco
1193 1302 1286 1354 studiis
1305 1303 1389 1369 ponito
1407 1317 1460 1354 rem
1480 1317 1551 1368 quem
1564 1300 1735 1352 tractavimus

377 1403 514 1452 aggressus
532 1387 594 1438 nihil
621 1388 681 1438 novi
708 1387 825 1453 protulit,
849 1390 915 1454 qnod
937 1405 986 1440 non
1009 1389 1044 1439 rit
1066 1389 1192 1456 ineptum,
1214 1387 1398 1456 ineptissimum
1416 1395 1501 1439 eutem
1520 1387 1629 1438 omnium
1648 1385 1735 1436 Lucae

377 1473 547 1526 defensionem
566 1475 630 1524 irone
648 1475 681 1541 (p.
695 1473 727 1523 33
740 1473 802 1540 σῳ),
821 1491 850 1524 eo
868 1482 990 1542 tempore,
1009 1491 1057 1541 quo
1076 1475 1193 1526 Christus
1212 1481 1285 1525 natue
1304 1482 1353 1537 est,
1372 1481 1423 1525 tom
1442 1474 1537 1524 Verum
1555 1473 1667 1534 regnum
1685 1469 1736 1538 Sy·

376 1559 431 1610 rinc
449 1559 528 1612 inisse
547 1575 620 1626 qoem
639 1559 782 1625 Quiriuinm
801 1575 952 1626 censumque
971 1560 1113 1626 Quirininm
1132 1567 1184 1610 tum
1202 1562 1334 1626 coepisse,
1357 1558 1496 1625 perfecisse
1514 1565 1572 1625 post
1589 1572 1668 1608 onnon
1688 1571 1735 1606 no-

377 1661 434 1698 vem
451 1645 476 1695 in
496 1646 625 1709 legatione
645 1646 737 1696 ultera.
773 1643 840 1696 Seue
858 1646 988 1709 indignum
1007 1644 1106 1696 focinus
1126 1661 1157 1696 ne
1175 1647 1201 1696 io
1219 1646 1266 1696 hnc
1284 1646 1386 1711 quidem
1405 1645 1461 1695 lnce
1479 1644 1627 1695 litterrrum
1645 1643 1734 1693 dorm

376 1730 437 1781 illoc
456 1731 631 1782 tenebricosos
649 1732 829 1797 conquiescere
855 1747 930 1797 poene
949 1739 976 1782 et
1000 1732 1031 1781 de
1055 1733 1203 1797 qnnertione
1222 1730 1373 1782 difficillime
1391 1732 1434 1782 vel
1451 1730 1553 1781 hiscere
1572 1729 1667 1781 endere
1686 1729 1734 1778 ho-

375 1817 479 1878 minem,
502 1817 545 1882 qni
562 1817 672 1879 legatum
696 1818 874 1883 proconsulem
897 1825 1088 1883 procuratorem
1112 1826 1232 1884 perpetuo
1254 1819 1323 1869 iuter
1349 1833 1377 1868 re
1396 1815 1533 1868 confundet
1551 1823 1577 1866 et
1594 1814 1734 1866 identidem

376 1903 463 1953 lendet
480 1910 608 1953 doctorem
627 1903 712 1954 nescio
731 1919 802 1970 quem
821 1903 901 1954 ndhnc
919 1904 1033 1967 ignotum
1051 1905 1196 1955 Sucronem.
