3812 5580
328 443 390 510 142
937 443 984 512 vr,
1004 445 1073 500 4-4

320 626 376 687 hoc
407 625 540 687 Norisius
570 625 677 706 (cenot.
707 625 767 686 Pis.
791 645 819 705 p.
839 624 1000 704 157302)
1028 623 1142 686 rettulit
1172 623 1206 684 ad
1230 643 1256 684 a.
1273 621 1344 694 746,
1375 619 1609 682 Sanclementius
1632 622 1682 700 (de

321 749 403 792 aerae
433 731 507 809 vulg.
535 732 651 793 emend.
678 749 708 810 p.
725 727 799 806 338)
827 730 862 791 ad
885 749 910 790 a.
928 730 989 791 744
1017 739 1047 790 41
1074 729 1150 791 circa
1179 729 1235 788 boc
1261 735 1379 806 tempus
1406 725 1535 788 evenerit
1562 744 1682 786 necesse

321 843 374 894 est.
424 835 463 894 At
495 834 532 894 bl.
556 833 625 894 Titii
655 832 869 895 administratio
903 833 1002 913 Syriae
1029 832 1054 894 si
1086 831 1236 893 relerenda
1266 838 1311 892 est
1339 829 1373 890 ad
1407 849 1432 891 a.
1459 827 1576 890 circiter
1609 829 1682 902 746,

319 936 382 996 lieri
404 955 462 997 non
486 945 599 1017 potest,
622 947 657 998 ut
677 935 785 998 liberos
807 936 903 1016 regios
925 936 1069 1017 acceperit
1089 956 1115 998 a.
1132 935 1212 1006 7343
1242 951 1310 996 nam
1334 952 1387 1014 per
1408 932 1561 993 duodecim
1585 951 1682 993 annos

320 1039 445 1100 eundem
474 1039 625 1102 hominem
655 1040 753 1121 Syriae
782 1040 957 1120 praefuisse,
986 1040 1063 1121 quod
1087 1039 1190 1100 statuit
1213 1036 1446 1098 Sanclementios
1469 1035 1500 1111 (l.
1520 1054 1545 1096 c.
1567 1055 1594 1116 p.
1619 1034 1681 1096 330

320 1147 393 1221 sq),
429 1143 590 1205 secundum
626 1163 672 1218 ea,
707 1161 780 1223 quae
818 1143 853 1205 de
883 1143 1007 1223 Augusti
1045 1142 1260 1223 provinciarum
1304 1138 1558 1202 administratione
1594 1158 1681 1201 acce-

319 1245 432 1324 pimus,
465 1246 586 1308 minime
619 1246 767 1328 probabile
800 1256 852 1308 est.
900 1245 1021 1308 Nummi
1050 1245 1186 1325 deinceps
1216 1243 1395 1324 quicumque
1425 1243 1573 1304 celebrant
1598 1243 1682 1323 signa

319 1360 435 1430 recepta
468 1351 655 1431 captivosque
686 1349 829 1422 redditos,
862 1367 1022 1429 numquam
1043 1367 1120 1410 'oum
1150 1348 1186 1411 iis
1216 1347 1331 1409 obsides
1362 1347 1456 1427 regios
1487 1356 1680 1427 componunt.

319 1453 426 1515 Contra
462 1454 619 1516 videndum
648 1471 720 1516 num
748 1454 806 1514 huc
833 1461 945 1534 spectet
973 1471 1116 1514 nummus
1145 1450 1680 1530 (Eolrbeld‚110;CohenAug.n.

322 1556 500 1637 174-176)
527 1557 629 1620 aetatis
659 1557 808 1638 aliquanto
835 1556 1021 1637 posterioris,
1048 1555 1159 1618 scilicet
1184 1565 1305 1636 propter
1323 1553 1499 1635 inscriptum
1525 1558 1683 1634 impsum

319 1677 409 1721 cusus
437 1661 515 1722 inter
536 1679 562 1722 4.
579 1660 640 1723 746
669 1671 697 1724 et
720 1660 780 1722 755
805 1665 843 1736 (r.
859 1679 887 1740 p.
907 1661 973 1735 15),
1003 1659 1033 1720 in
1061 1679 1120 1739 quo
1149 1658 1280 1722 cernitur
1308 1657 1352 1720 vir
1378 1658 1529 1739 chlamyde
1556 1655 1680 1718 vestitus

318 1763 451 1843 Augusto
480 1766 510 1827 in
534 1774 673 1846 suggestu
695 1763 807 1828 sedenti
829 1782 956 1844 puerum
978 1763 1114 1824 offerens.
1159 1761 1395 1845 Interpretationi
1424 1781 1498 1842 quae
1521 1768 1625 1840 sponte
1648 1777 1681 1818 se

319 1867 405 1928 offert
433 1867 481 1929 hie
509 1869 721 1949 repraesentari
748 1866 902 1929 Phraatem
931 1866 1038 1928 liberos
1066 1866 1229 1928 tradentem
1259 1875 1287 1927 et
1315 1864 1440 1944 tempori
1467 1882 1584 1943 quoque
1612 1870 1681 1941 apta

320 1980 381 2044 est,
411 1970 508 2032 obstat
537 1989 606 2032 sane
634 1971 711 2051 quod
742 1970 867 2032 vestitus
894 1969 948 2031 viri
977 1969 1117 2031 tradentis
1147 1988 1206 2031 non
1237 1977 1282 2030 est
1309 1967 1460 2030 sollemnis
1486 1967 1679 2040 Parthorum3

318 2081 348 2132 at
381 2091 440 2132 nou
474 2072 566 2153 magis
594 2081 671 2135 recte
700 2073 805 2156 opinor
833 2073 988 2136 Eclrhelius
1015 2073 1195 2134 Germanum
1224 2091 1290 2134 eum
1320 2091 1384 2133 esse
1413 2071 1577 2145 contendit,
1610 2089 1678 2130 eum

319 2185 556 2254 repraesentetur
583 2196 643 2238 non
665 2177 737 2238 certi
759 2177 860 2258 populi
882 2176 1006 2239 restitus
1033 2177 1125 2250 ullus,
1155 2175 1207 2238 sed
1229 2176 1351 2238 deorum
1375 2177 1558 2254 heroumque
1581 2172 1678 2252 specie

319 2276 363 2337 vir
396 2287 544 2356 praeterea
577 2280 673 2340 nudus
709 2280 891 2361 chlamydem
927 2301 1029 2344 umero
1062 2289 1165 2360 gestet.
1209 2280 1333 2342 blanime
1359 2288 1458 2341 autem
1491 2287 1590 2339 movet
1617 2294 1678 2336 non

319 2386 378 2440 tam
406 2382 484 2459 quod
512 2400 608 2461 regem
643 2393 778 2444 exterum
815 2385 929 2446 nullum
965 2385 1071 2445 liberos
1104 2384 1139 2446 ad
1167 2384 1332 2464 Augustum
1368 2382 1484 2445 misisse
1517 2378 1677 2442 memoriae

319 2483 457 2545 traditum
487 2496 533 2547 est
554 2496 670 2567 praeter
692 2487 847 2561 Phraaten,
877 2508 944 2550 nam
974 2489 1003 2550 id
1030 2488 1127 2569 ipsum
1156 2487 1243 2549 etiam
1272 2486 1364 2566 reguli
1393 2485 1441 2548 alii
1465 2483 1603 2547 Germani
1632 2480 1678 2543 vel

320 2587 448 2648 Britanni
475 2591 569 2649 lacere
597 2599 758 2670 potuerunt
784 2611 839 2653 nec
865 2592 1021 2672 quicquam
1046 2593 1136 2654 de‘ea
1160 2610 1191 2652 re
1214 2591 1367 2652 annalibus
1389 2589 1500 2650 nostris
1523 2585 1677 2659 contineri,

317 2691 367 2751 sed
390 2691 468 2770 quod
491 2709 506 2752 a
530 2692 620 2753 solida
643 2695 768 2773 Augusti
791 2697 1005 2776 magnificentia
1028 2697 1166 2758 abhorret
1188 2695 1312 2759 similem
1337 2693 1521 2754 traditionem
1545 2689 1678 2752 nummis

317 2794 512 2856 concelebrari
535 2798 639 2857 laetam
664 2798 700 2858 ab
722 2798 819 2879 aliquo
841 2819 877 2861 en
900 2801 978 2880 regia
1001 2799 1093 2880 plebe.
1131 2798 1252 2860 Videtur
1272 2797 1360 2877 igitur
1376 2797 1464 2858 huius
1478 2795 1595 2857 nummi
1610 2813 1678 2855 cae-

316 2897 390 2958 lator
419 2917 477 2959 non
509 2907 568 2960 tam
598 2899 633 2960 de
654 2900 764 2962 Partho
787 2903 928 2983 cogitasse
950 2923 1038 2984 quam
1062 2904 1098 2965 de
1120 2912 1257 2964 extraneo
1280 2911 1309 2962 et
1331 2901 1387 2962 hoc
1409 2900 1535 2962 maxime
1558 2907 1678 2960 secutus

316 3019 394 3071 esse,
425 3010 459 3061 ut
487 3011 568 3081 togae
599 3014 796 3085 opponeretur
823 3007 962 3088 chlamys.
1008 3007 1149 3086 Similiter
1180 3005 1309 3079 omnino,
1339 3014 1372 3065 ut
1399 3003 1564 3065 observavit
1584 3002 1678 3063 lulius

317 3103 536 3178 Friedlaender,
569 3108 599 3167 in
634 3108 765 3170 nummis
792 3110 909 3171 Traiani
942 3109 1090 3190 inscriptis
1123 3128 1211 3190 regno
1239 3109 1388 3188 odsiqnoto
1416 3117 1446 3168 et
1471 3125 1527 3168 rear
1555 3105 1679 3168 Portbus

317 3209 430 3288 (Cohen
453 3208 529 3270 Trai.
551 3229 579 3270 n.
601 3209 673 3271 324.
690 3212 764 3286 329)
787 3231 871 3291 reges
898 3213 989 3274 exteri
1016 3222 1046 3275 et
1074 3211 1104 3274 in
1133 3213 1178 3273 his
1199 3212 1327 3274 Parthus
1350 3212 1467 3272 brevem
1493 3209 1677 3289 chlamydem

317 3311 408 3373 solam
430 3321 553 3390 gestant.
578 3349 616 3358 -
640 3314 770 3395 Denique
793 3315 871 3395 quod
888 3315 1026 3377 lloratius
1042 3315 1168 3377 iocatur:
1191 3320 1321 3378 moeretur
1336 3315 1448 3377 Parthis
1463 3313 1630 3376 mendacior
1645 3311 1676 3372 iu

317 3415 439 3494 epistula
462 3415 505 3494 (2,
525 3419 550 3488 1,
576 3415 647 3492 112)
675 3418 782 3498 scripta
805 3437 829 3479 c.
847 3438 872 3480 a.
890 3420 966 3493 741,
998 3418 1094 3500 aptius
1122 3419 1226 3499 opinor
1247 3437 1334 3498 quam
1363 3419 1398 3480 ad
1428 3417 1579 3499 perfidiam
1609 3414 1678 3475 belli

317 3517 462 3579 Crassiani
490 3523 634 3581 referetur
660 3522 694 3583 ad
722 3521 876 3584 discidium
905 3522 1052 3601 quoddam
1075 3533 1143 3604 post
1164 3523 1275 3584 reddita
1299 3523 1379 3602 signa
1409 3521 1488 3584 inter
1509 3521 1676 3600 Augustum

317 3631 346 3683 et
368 3622 522 3684 Phraatem
550 3633 651 3685 natum
680 3635 710 3687 et
735 3625 862 3707 sopitum
895 3627 999 3688 deinde
1028 3625 1181 3689 obsidibus
1207 3626 1306 3688 liberis
1335 3626 1433 3689 missis
1461 3626 1501 3704 (r.
1523 3644 1598 3704 quae
1624 3642 1677 3684 ex-

317 3727 402 3806 posui
424 3727 453 3787 in
478 3726 603 3789 llermae
625 3730 680 3790 rol.
699 3731 738 3790 15
760 3750 789 3811 p.
808 3730 891 3812 106).

394 3953 458 3994 aar.
475 3933 532 4008 6,c
559 3933 764 4016 Pldrimaeque
791 3936 863 3999 aliae
892 3945 992 4017 gentes
1019 3939 1165 4018 experltce
1195 3947 1261 3999 neret
1295 3955 1326 4016 p.
1342 3937 1388 4014 11.)
1410 3935 1497 4018 fidem
1521 3953 1569 3996 me
1590 3933 1677 4016 prin·

517 4057 529 4098 r
560 4034 646 4117 luipo,
682 4038 791 4119 quibus
828 4041 913 4101 antea
953 4059 1021 4102 cum
1063 4041 1172 4121 populo
1206 4039 1346 4118 llomanlo
1381 4040 1495 4102 nullum
1530 4039 1678 4115 estiterolt

517 4155 532 4200 s
558 4139 736 4220 legationum
758 4143 762 4224 1
781 4151 811 4204 et
832 4143 976 4205 amicitiae
997 4143 1236 4222 [clommercium.
1259 4147 1277 4219 ξ
1297 4142 1301 4226 Ι

349 4263 394 4304 ca.
413 4244 461 4316 17,
485 4261 532 4304 es
562 4239 712 4306 Πλεῖστά
742 4267 778 4307 τε
808 4241 892 4308 ἄλλα
927 4243 1011 4330 ἔθνη
1047 4255 1169 4329 πεῖραν
1198 4244 1343 4328 dllollssev
1374 4244 1481 4330 δήμου
1505 4242 1678 4328 Ῥωμαίων

507 4365 532 4409 ro
559 4349 702 4422 πίστεως
724 4345 777 4410 ἐπ’
800 4343 881 4432 ἐμοῦ
904 4345 1074 4434 ἡγεμόνος,
1100 4351 1105 4433 l
1132 4349 1182 4424 οἷς
1203 4350 1241 4414 τὸ
1265 4350 1345 4432 πρὶν
1368 4346 1506 4432 οὐδεμία
1528 4344 1568 4433 ἦν
1590 4345 1677 4431 πρὸς

507 4469 529 4512 ιι
559 4449 666 4534 δῆμον
684 4447 855 4535 Ῥωμαίων
877 4452 1093 4536 apolopasin
1114 4455 1170 4516 καὶ
1194 4451 1309 4538 φιλίας
1331 4451 1507 4530 κοινωνία).

316 4553 415 4615 Latii
437 4553 515 4614 inter
535 4572 624 4634 snper
645 4565 675 4616 et
695 4557 780 4637 fidem
802 4576 870 4619 cum
893 4558 1097 4620 desiderentur
1119 4551 1231 4620 litterae
1253 4577 1312 4620 non
1336 4559 1402 4639 plus
1424 4577 1451 4632 x,
1478 4557 1563 4637 posui
1582 4577 1613 4638 p.
1628 4557 1676 4634 ll,

316 4675 386 4718 sane
408 4657 527 4718 invitus.
551 4692 592 4701 -
615 4658 688 4719 ltem
712 4661 731 4720 7
754 4680 820 4723 cum
845 4661 943 4724 hiatus
965 4661 1150 4724 absorbuerit
1170 4663 1282 4724 litteras
1304 4682 1329 4722 c.
1345 4681 1401 4736 xvi,
1424 4661 1502 4741 quod
1517 4681 1675 4742 posueram

315 4759 429 4821 oollam
458 4761 645 4825 intercedebat
671 4762 795 4825 nimium
823 4773 882 4837 est,
913 4765 991 4844 quod
1015 4765 1156 4846 Bergkius
1187 4765 1300 4826 nnllam
1330 4767 1443 4844 summ,
1471 4783 1532 4826 non
1555 4764 1676 4826 sufficit.

316 4864 400 4938 Quod
423 4864 498 4940 dedi,
520 4865 614 4928 suasit
635 4865 882 4930 Wilamowitzius.
