3812 5580
341 479 405 542 146
928 475 976 544 VI,
999 478 1101 534 1343

337 657 407 719 Paci
430 656 518 719 stanti
542 655 656 718 taedam
679 656 802 737 pedibus
826 658 948 720 calcanti
971 667 1000 720 el
1022 659 1140 722 sinistra
1163 660 1275 722 tenenti
1298 661 1472 735 caduceum
1495 660 1591 724 adstat
1612 661 1698 724 solita

337 761 368 821 in
391 761 438 823 his
460 761 592 823 nummis
615 759 686 821 cista
709 779 777 821 oum
800 770 944 841 serpente.
988 762 1121 840 Elogium
1145 763 1252 825 'iuriae
1275 763 1318 839 (C.
1334 765 1356 824 Ι.
1372 764 1405 824 L.
1420 764 1467 838 lll,
1485 764 1581 845 1527)
1604 766 1698 846 scrip-

338 862 594 925 remearent
622 862 680 924 25:
706 873 809 944 pacato
843 867 908 928 orbe
929 877 1090 944 terraram,
1120 872 1250 930 restituta
1278 885 1310 929 re
1336 868 1459 948 publica.
1503 868 1635 948 Hyginus
1662 870 1698 930 de

336 965 421 1028 limit.
438 985 465 1047 p.
486 967 544 1027 177
561 966 695 1029 Lachm:
718 969 802 1030 divas
817 969 959 1049 depastas
979 972 1149 1052 [postquam]
1163 973 1323 1051 adsipaevit
1344 972 1407 1033 orbi
1428 983 1572 1034 terranem
1586 990 1695 1052 pacem,

335 1071 439 1132 milites
461 1071 573 1133 colonos
593 1074 669 1151 [ecit.
707 1071 787 1133 Fasti
808 1072 910 1134 Praen.
926 1073 961 1134 ad
981 1074 1040 1134 lau.
1060 1073 1097 1134 13
1114 1073 1158 1153 (C.
1174 1075 1195 1134 l.
1213 1073 1244 1134 L.
1262 1073 1274 1134 l
1289 1093 1317 1154 p.
1334 1073 1424 1153 384);
1447 1093 1556 1136 corono
1578 1076 1697 1156 querula

335 1179 380 1234 σιν·
399 1193 485 1253 super
505 1178 625 1237 ianuam
648 1176 748 1236 domm
769 1179 837 1254 imp.
856 1175 996 1254 Caesaris]
1014 1178 1133 1257 depasti
1142 1180 1310 1258 pouerlctar
1330 1188 1446 1240 semotas
1467 1178 1597 1252 decrevit,
1619 1179 1695 1259 quod

335 1295 397 1338 rem
414 1277 568 1356 publicam]
589 1297 620 1356 p.
637 1277 671 1339 a.
686 1279 858 1356 restltltmltl.
889 1279 1010 1340 Ovidius
1033 1283 1098 1341 last.
1117 1282 1144 1354 1,
1162 1281 1223 1342 589
1239 1281 1309 1342 itenr
1325 1281 1360 1342 ad
1376 1279 1436 1342 lan.
1455 1281 1508 1342 13:
1529 1282 1696 1362 redditaque

336 1390 375 1442 cst
399 1383 489 1441 omnis
509 1379 615 1460 populo
633 1385 784 1460 provincia
805 1392 901 1443 nostro
924 1394 950 1445 ct
972 1393 1039 1444 mus
1061 1383 1184 1464 Arrpusto
1205 1387 1319 1446 nomiae
1341 1384 1430 1447 dictas
1452 1405 1531 1446 ovas.
1568 1385 1695 1446 Velleius

335 1483 365 1556 2,
382 1482 437 1543 89:
467 1482 562 1544 Finito
584 1487 712 1546 uicesimo
736 1503 812 1546 anno
836 1485 909 1546 bella
931 1486 1025 1546 civilia
1049 1486 1257 1576 (705-724),
1279 1488 1391 1568 sepulto
1411 1498 1540 1562 esterna,
1561 1499 1696 1550 reuocato

334 1607 417 1666 pua.
437 1633 443 1646 .
461 1632 468 1646 .
484 1591 615 1648 restituto
637 1593 680 1647 ais
702 1587 956 1666 epitomatice
978 1593 1141 1661 auctoritas,
1164 1595 1275 1654 senatui
1294 1595 1435 1664 maiestas,
1457 1596 1608 1671 imperium
1629 1611 1696 1653 mo-

334 1696 509 1770 pistrataum
530 1691 568 1752 od
585 1692 741 1769 pristinam
762 1691 909 1754 redactum
931 1695 1045 1754 modom
1063 1739 1069 1752 .
1086 1740 1094 1754 .
1110 1739 1118 1754 .
1134 1741 1141 1754 .
1155 1699 1251 1773 prisce
1274 1696 1326 1757 illu
1347 1705 1374 1757 et
1396 1699 1513 1775 amiqua
1534 1699 1580 1756 rei
1595 1694 1695 1775 palli-

337 1814 385 1856 cae
407 1795 505 1874 formo
526 1804 668 1854 reuocato.
712 1793 755 1855 Ci.
772 1792 832 1853 Lir.
848 1793 916 1874 epil.
935 1795 1011 1868 1343
1039 1796 1202 1858 Cassiodor.
1218 1799 1280 1859 cbr.
1296 1799 1331 1860 ad
1347 1818 1372 1859 a.
1389 1799 1461 1859 727.
1505 1796 1591 1858 Vides
1612 1807 1695 1860 aeta-

335 1897 372 1958 tis
395 1897 543 1976 Augustae
571 1906 705 1958 auctores
727 1895 876 1957 Romanos
899 1898 984 1977 plane
1012 1909 1046 1960 ut
1067 1900 1136 1962 iacit
1157 1901 1219 1980 ipse
1241 1901 1391 1980 Augustus
1414 1919 1477 1962 reru
1500 1899 1538 1961 ita
1562 1919 1692 1974 narrare,

333 1999 417 2080 quasi
444 2019 511 2061 vere
541 2008 604 2060 tum
633 2018 696 2060 rem
724 1999 871 2079 publicam
894 2001 1067 2075 reddiderim
1096 2003 1176 2065 solus
1206 2005 1329 2078 Strabo,
1360 2003 1468 2085 quippe
1495 2003 1545 2083 qui
1574 2004 1692 2066 Graecis

335 2102 460 2163 maxime
489 2101 645 2174 scriberet,
675 2101 795 2164 liberius
823 2103 864 2164 sic
887 2107 1022 2166 enuntiat
1042 2125 1102 2166 non
1131 2125 1232 2168 rerum
1264 2106 1408 2187 speeiem,
1436 2106 1486 2167 sed
1509 2107 1602 2188 ipsam
1625 2127 1691 2168 rem

334 2208 401 2285 (17,
423 2205 457 2277 3,
477 2205 517 2265 25
538 2225 566 2285 p.
584 2203 672 2283 840):
705 2199 724 2287 ἡ
748 2205 866 2286 πατρὶς
895 2204 1078 2290 ἐπέτρεψεν
1103 2203 1191 2291 αὐτῷ
1215 2209 1374 2290 (Augusto)
1401 2207 1459 2292 τὴν
1482 2213 1694 2292 προστασίαν

332 2328 389 2388 της
410 2301 587 2390 ἡγεμονίας
608 2307 665 2368 καὶ
689 2305 837 2389 πολέμου
860 2308 915 2370 καὶ
938 2304 1067 2393 εἰρήνης
1090 2313 1227 2393 κατέστη
1251 2310 1362 2393 κύριος
1385 2309 1443 2374 διὰ
1463 2314 1550 2392 βίον.
1587 2313 1623 2374 ut
1639 2314 1693 2392 qui

331 2417 432 2489 postea
460 2409 655 2490 scripserunt,
686 2419 801 2490 praeter
822 2412 971 2487 Tacitum,
1001 2415 1122 2493 dequo
1148 2414 1223 2476 inira
1251 2415 1430 2488 ridebimus,
1460 2423 1574 2477 tanturn
1598 2415 1691 2490 abest,

331 2521 365 2574 ut
386 2512 423 2574 ab
445 2531 479 2574 eo
501 2532 577 2575 anno
599 2514 764 2575 libertatern
787 2515 887 2595 populi
902 2516 1027 2578 Romani
1049 2518 1145 2579 denuo
1168 2517 1300 2598 coepisse
1322 2527 1462 2593 statuant,
1484 2529 1518 2581 ut
1539 2519 1608 2582 iude
1623 2540 1692 2600 reg-

331 2634 402 2676 uum
427 2627 607 2697 computent.
641 2613 696 2681 ’Ex
717 2615 846 2693 τούτου,
869 2619 922 2681 [iio
944 2621 983 2683 ait
1007 2620 1130 2702 (52,1),
1152 2623 1398 2703 μοναρχεῖσθαι
1422 2616 1524 2694 αὖθις
1547 2618 1692 2705 ἀκριβῶς

330 2715 480 2800 ἤρξαντο.
525 2721 683 2782 Suetonius
707 2722 791 2801 (Aug.
808 2722 876 2801 28):
900 2723 933 2784 de
954 2725 1099 2786 reddenda
1120 2743 1152 2785 re
1170 2724 1302 2805 publico,
1324 2724 1435 2803 inquit,
1459 2730 1589 2804 copitaoit
1606 2772 1613 2786 .
1630 2773 1638 2786 .
1657 2773 1690 2788 ..

326 2833 391 2901 post
413 2840 577 2903 oppressum
599 2830 693 2888 stan'm
715 2825 884 2898 Antoniam,
907 2846 1016 2889 memor
1038 2829 1173 2890 obiectum
1193 2829 1249 2889 cabi
1269 2829 1304 2890 ab
1327 2846 1359 2889 eo
1381 2832 1507 2908 saepias,
1534 2833 1618 2910 quasi
1634 2849 1692 2908 per

328 2928 421 3002 apuam
447 2936 535 2987 staret
562 2947 597 2989 oe
622 2927 813 2990 redderetur.
831 2931 926 2991 ..sed
953 2943 1091 3011 reputans
1119 2943 1145 2994 et
1173 2950 1202 2994 se
1226 2935 1372 3011 ραοσινσι
1394 2950 1453 2993 aon
1474 2936 1535 2993 n'ne
1563 2933 1691 3012 periculo

327 3029 393 3106 sore
415 3039 441 3090 et
461 3029 544 3091 illem
561 3031 693 3111 plurium
715 3033 834 3093 arbitrio
864 3044 965 3095 temere
987 3038 1136 3106 committi,
1166 3038 1197 3095 m
1217 3033 1367 3096 retinendo
1384 3041 1587 3113 perseuerauit.
1632 3035 1690 3097 Ubi

329 3131 454 3211 scriptor
476 3134 646 3213 ceteroquin
669 3134 801 3214 diligens,
824 3137 875 3197 sed
898 3137 927 3197 in
953 3137 1084 3200 minimis
1099 3139 1235 3211 maxime,
1258 3137 1288 3198 in
1312 3145 1603 3219 utramquepartem
1620 3158 1689 3218 gra-

330 3233 403 3295 viter
425 3245 537 3314 peccat:
564 3256 633 3298 nam
662 3238 698 3299 de
727 3238 789 3318 ipsa
811 3239 839 3300 vi
867 3249 897 3301 et
918 3249 1063 3320 potestate
1085 3241 1202 3322 imperii
1225 3240 1396 3322 deponenda
1419 3241 1525 3302 Caesar
1547 3261 1584 3303 ne
1607 3242 1689 3320 cogi-

329 3335 401 3396 tavit
428 3337 564 3416 quidem,
592 3341 628 3402 de
657 3341 804 3403 reddenda
834 3343 1062 3406 extraordinaria
1089 3350 1234 3424 potestate
1255 3362 1317 3405 nou
1338 3344 1435 3406 solurn
1458 3344 1608 3424 cogitarit,
1636 3346 1689 3406 sed

328 3458 392 3500 eam
424 3459 489 3503 vere
517 3444 625 3523 populo
651 3445 794 3518 reddidit,
822 3455 979 3508 contentus
1007 3466 1041 3508 ex
1069 3465 1103 3507 eo
1131 3446 1199 3507 inde
1227 3456 1358 3528 tempore
1390 3448 1608 3526 magistratibus
1630 3449 1688 3510 sibi

329 3542 433 3604 delatis
455 3551 485 3606 et
507 3555 655 3624 praeterea
678 3547 820 3629 principis
843 3549 1019 3628 dignatione.
1057 3549 1116 3611 Nec
1139 3550 1232 3611 multo
1255 3549 1360 3612 melius
1376 3549 1429 3611 llio
1451 3559 1519 3630 post
1533 3551 1686 3612 victoriam

329 3646 474 3708 Actiacam
498 3649 650 3711 Caesarem
678 3651 793 3712 inducit
815 3652 1023 3715 deliberantem
1053 3653 1088 3714 de
1117 3657 1211 3715 forma
1241 3653 1283 3715 rei
1305 3652 1438 3733 publicae
1465 3653 1689 3716 constituendae

327 3769 453 3832 cumque
482 3752 606 3834 Agrippa
639 3773 756 3816 causam
785 3763 901 3817 tueatur
929 3756 1036 3819 liberae
1064 3757 1107 3818 rei
1134 3757 1281 3837 publicae,
1311 3756 1460 3818 Maecenas
1491 3756 1590 3836 regni,
1617 3757 1690 3819 huic

327 3871 394 3913 euni
426 3854 495 3915 lacit
521 3855 747 3928 adsentientem
777 3857 879 3919 deiude
910 3859 939 3919 iu
962 3859 1082 3921 biennio
1104 3879 1129 3920 a.
1146 3859 1217 3922 726.
1235 3859 1295 3920 727
1318 3860 1481 3921 enarrando
1505 3861 1596 3922 multa
1619 3861 1689 3940 qui-

326 3956 392 4016 dem
415 3957 514 4037 ponit,
544 3979 618 4038 qnae
640 3979 707 4022 rere
729 3960 878 4041 pertinent
900 3962 934 4023 ad
958 3980 1021 4024 rem
1044 3961 1189 4042 publicam
1214 3962 1372 4035 redditam,
1400 3963 1450 4024 sed
1473 3983 1619 4025 summurn
1644 3965 1690 4026 rei

326 4079 361 4120 eo
388 4061 536 4122 concludit
557 4063 707 4124 Caesarem
737 4074 889 4125 exoratum
918 4085 934 4125 a
963 4075 1066 4127 senatu
1095 4084 1158 4127 reru
1186 4066 1333 4145 publicam
1362 4067 1519 4128 retinuisse
1541 4066 1605 4148 (53,
1623 4070 1688 4148 11).

326 4162 398 4223 llere
427 4183 475 4225 res
497 4163 537 4225 ita
560 4176 674 4245 peracta
697 4176 750 4228 est.
792 4167 843 4230 nei
867 4168 999 4248 publicae
1021 4168 1242 4230 constituendae
1265 4178 1395 4249 potestas
1418 4169 1533 4232 Caesari
1556 4170 1687 4250 primurn

325 4266 467 4345 permissa
489 4275 535 4329 est
556 4287 581 4328 a.
598 4270 656 4328 711
682 4270 744 4348 lege
766 4270 841 4332 Titia
864 4269 894 4331 in
916 4271 1163 4352 quinquennium,
1187 4271 1290 4332 deinde
1313 4275 1483 4336 continuata
1505 4273 1536 4334 iu
1558 4273 1686 4335 alterum

323 4368 558 4447 quinquennium
582 4371 626 4431 vel
649 4375 749 4452 potius
772 4373 835 4435 sine
858 4375 986 4436 termino
1008 4385 1088 4437 certo
1103 4375 1166 4455 lege
1183 4376 1218 4436 de
1233 4394 1266 4435 ea
1282 4394 1313 4436 ra
1328 4376 1408 4436 nulla
1423 4377 1480 4438 lata
1495 4386 1564 4456 post
1578 4397 1603 4437 a.
1623 4379 1683 4438 711

325 4471 458 4552 (Αρρίοο.
475 4472 503 4532 b.
519 4492 544 4532 c.
561 4475 595 4547 5,
613 4475 680 4554 95),
703 4477 782 4554 quod
805 4495 864 4556 quo
880 4478 945 4539 iure
960 4481 1069 4539 iaciunt
1086 4497 1150 4538 esse
1165 4477 1307 4547 videatur,
1330 4478 1398 4539 alibi
1414 4480 1545 4558 quaesivi
1559 4479 1687 4552 (srmo-

323 4575 399 4637 recbt
425 4577 451 4646 1,
476 4575 560 4650 671).
604 4576 705 4658 Neque
735 4581 859 4642 obscure
882 4581 1025 4660 siguificat
1047 4580 1196 4659 Augustus
1218 4579 1249 4640 in
1271 4583 1484 4644 commentario
1507 4592 1685 4663 potestatem

321 4677 401 4738 illarn
426 4681 687 4743 extraordinariam
709 4702 770 4744 uon
788 4684 850 4763 lege
874 4703 905 4746 se
927 4683 1098 4758 obtinuisse,
1122 4683 1172 4744 sed
1196 4702 1295 4745 rerum
1319 4685 1451 4748 omnium
1474 4687 1602 4767 potitum
1618 4707 1686 4750 esse

318 4801 374 4862 per
396 4802 560 4846 consensum
582 4789 790 4860 universorum,
814 4787 890 4859 sive,
921 4795 955 4849 ut
982 4795 1060 4848 recte
1090 4785 1176 4847 vertit
1203 4785 1363 4868 interpres,
1391 4786 1474 4850 κατὰ
1500 4789 1560 4862 τὰς
1587 4785 1687 4870 εὐχὰς

322 4887 387 4948 τῶν
409 4885 497 4970 ἐρῶν
518 4885 689 4950 πολειτῶν.
732 4888 806 4951 Nam
829 4889 881 4971 qui
902 4889 1101 4964 consentiunt,
1123 4908 1182 4951 uon
1205 4889 1375 4966 decernunt,
1399 4893 1450 4956 sed
1471 4892 1598 4975 probant
1618 4895 1686 4957 lau-
