3812 5580
809 462 857 530 VI,
880 465 981 520 13—23
1509 473 1569 536 147

217 642 359 722 dantque,
390 651 420 704 et
447 662 563 724 semper
593 653 784 725 opponuntur
805 644 955 708 decretum
979 665 1095 720 eornm,
1125 649 1202 728 apud
1224 667 1298 728 qnos
1321 668 1420 710 rerum
1444 658 1573 731 potestas

217 753 270 820 661,
293 754 323 807 61
344 765 507 808 consensus
529 765 642 820 eorum,
664 766 792 826 quorum
815 748 861 808 ius
884 750 1050 812 continetur
1071 751 1101 812 in
1123 752 1289 832 plaudendo
1310 761 1361 814 aut
1381 754 1572 834 querendo¹).

216 849 387 914 Reddidisse
401 852 568 930 Augustum
591 869 653 912 rem
678 850 824 932 publicam
848 869 906 914 non
928 861 1079 927 6666616,
1104 855 1154 916 sed
1170 855 1310 918 continuo
1325 855 1443 918 biennio
1458 877 1484 918 a.
1501 856 1573 919 726.

217 953 278 1015 727
300 963 416 1033 praeter
437 955 534 1035 ipsum
558 954 645 1016 etiam
661 953 715 1016 Dio
739 955 890 1034 significat,
913 975 1007 1036 neque
1028 957 1112 1020 aliter
1126 957 1190 1018 fieri
1204 957 1313 1038 potuit:
1335 959 1478 1022 reddendi
1493 960 1571 1022 enim

216 1066 299 1119 erant
333 1057 442 1139 populo
469 1057 614 1120 exercitus
641 1057 806 1139 provinciae
833 1057 1021 1139 magistratus
1046 1059 1218 1139 reditusque
1246 1059 1304 1140 (τὰ
1331 1055 1420 1125 ὅπλα
1448 1061 1504 1124 καὶ
1533 1061 1576 1124 τὰ

217 1159 298 1244 ἔθνη
321 1159 377 1223 καὶ
401 1157 438 1222 ai
461 1155 558 1240 ἀρχαὶ
581 1159 700 1222 καὶτὰ
721 1157 872 1243 χρήματα
893 1162 946 1222 1116
969 1163 1019 1236 52,
1046 1162 1093 1224 13.
1109 1163 1146 1224 61.
1163 1161 1217 1234 53,
1234 1163 1263 1223 4.
1281 1165 1309 1226 9.
1328 1166 1399 1242 lib).
1443 1165 1575 1227 Pertinet

216 1264 250 1325 ad
280 1283 341 1325 rem
371 1263 518 1344 publicam
547 1262 706 1336 redditam,
735 1265 813 1344 quod
843 1266 878 1326 de
905 1267 1060 1329 consulatu
1089 1284 1114 1326 a.
1132 1263 1268 1346 72611116
1291 1268 1439 1331 adnotavit
1461 1268 1524 1345 (53,
1542 1268 1573 1349 1)

216 1368 368 1428 Caesarem
398 1367 560 1428 secundum
590 1367 835 1428 consuetudinem
857 1368 1006 1448 antiquam
1035 1369 1156 1432 alternis
1185 1369 1337 1432 mensibus
1363 1375 1457 1434 fasces
1484 1371 1575 1433 tradi-

217 1469 294 1532 disse
317 1470 442 1549 collegae
464 1468 608 1551 Agrippae
630 1478 660 1531 et
680 1470 837 1532 abeuntem
868 1471 1071 1551 magistratum
1100 1472 1267 1534 eiurarisse.
1312 1474 1444 1536 Pertinet
1470 1475 1573 1535 eodem

215 1573 247 1634 ni
273 1574 357 1634 fallor
385 1592 506 1635 censura
535 1582 603 1653 post
629 1591 722 1635 annos
749 1574 940 1655 quadraginta
966 1574 1040 1636 duos
1063 1584 1126 1638 tum
1150 1577 1331 1640 resuscitata.
1375 1577 1426 1638 Vel
1449 1577 1574 1638 maxime

217 1696 251 1738 eo
280 1675 408 1756 pertinet
436 1695 538 1738 eorum
568 1695 643 1756 quae
669 1695 722 1756 per
749 1676 823 1738 bella
846 1677 940 1740 civilia
962 1678 1131 1742 contraius
1153 1681 1288 1760 legesque
1310 1681 1469 1742 constituta
1492 1691 1576 1741 erant

219 1779 338 1842 abolitio
360 1780 462 1854 edicta,
486 1799 545 1860 quo
568 1779 714 1841 terminus
736 1779 816 1842 hisce
839 1780 1017 1843 constitutus
1040 1791 1085 1844 est
1106 1783 1169 1862 ipse
1184 1803 1280 1845 annus
1295 1783 1574 1865 septingentesimus

217 1882 372 1944 vicesimus
395 1892 495 1944 sextus
518 1882 649 1963 (Tacitus
671 1902 740 1945 ann.
764 1883 792 1956 3,
816 1883 870 1946 28:
893 1895 972 1946 secto
995 1886 1107 1948 demum
1130 1887 1277 1948 6661661616
1303 1888 1411 1949 Caesar
1434 1889 1575 1968 16666166

212 1991 354 2066 potentiae
381 2005 498 2048 6666666
526 2006 597 2067 quae
623 1990 810 2049 triumviratu
835 1991 957 2049 16666661
979 1989 1097 2052 aboleuit
1119 1990 1246 2070 deditque
1267 1995 1348 2064 iura,
1379 1995 1440 2071 quis
1460 2011 1528 2072 poce
1548 2002 1574 2054 61

212 2092 342 2168 principe
363 2100 519 2151 uteremur.
564 2088 616 2150 Dio
632 2088 682 2162 53,
699 2089 732 2149 2:
761 2087 878 2173 ἐπειδὴ
902 2087 1012 2154 πολλὰ
1044 2089 1133 2155 πάνυ
1268 2093 1323 2156 aet
1359 2090 1491 2177 ἀνόμως
1518 2093 1574 2156 καὶ

217 2186 340 2263 ἀδίκως
366 2189 529 2271 innexae,
565 2187 675 2254 πάντα
702 2214 786 2254 auca
819 2190 853 2255 de
897 2216 968 2268 ενος
998 2188 1256 2278 προγράμματος
1283 2195 1473 2274 κατέλυσεν,
1497 2192 1575 2282 ὅρον

216 2292 394 2377 61616666
424 2290 524 2357 αὑτοῦ
546 2290 710 2358 ὑπατείαν
731 2299 907 2378 προσθείς.
952 2298 994 2360 ct.
1017 2298 1246 2374 Sacramenta,
1269 2301 1329 2364 723
1353 2304 1472 2377 ncta).
1518 2302 1576 2364 Sed

216 2397 302 2476 longe
324 2397 527 2477 gravissimum
552 2397 772 2477 maximumque
794 2409 857 2460 erat
879 2403 1029 2481 negotium
1046 2402 1262 2482 provinciarum
1279 2403 1412 2466 omnium
1429 2423 1497 2466 curn
1513 2405 1575 2466 suis

217 2501 392 2563 exercitibus
416 2501 532 2564 senatui
553 2501 817 2572 restituendarum,
847 2505 932 2567 cuius
955 2505 1149 2566 restitutionis
1172 2506 1208 2568 de
1229 2507 1297 2568 Asia
1319 2508 1468 2588 pruvincia
1491 2509 1575 2570 testis

217 2615 263 2666 est
289 2623 431 2667 nummus
458 2625 547 2686 supra
574 2605 680 2668 citatus
707 2605 738 2667 in
765 2606 828 2686 ipsa
850 2607 917 2669 Asia
945 2627 1035 2669 ausus
1062 2627 1129 2669 cum
1157 2608 1300 2689 inscripto
1327 2610 1498 2672 annalib.
1542 2612 1575 2673 ld

218 2712 315 2790 ipsum
342 2709 499 2773 enuntiant
526 2709 613 2772 rerba
640 2718 756 2790 poetae,
785 2729 910 2789 quorum
941 2720 1010 2791 post
1030 2711 1200 2773 Merkelium
1230 2713 1314 2792 (prol.
1337 2714 1372 2774 ad
1396 2716 1573 2794 lantper)

218 2813 292 2874 male
322 2822 532 2894 temptatorum
554 2811 755 2892 1611116.
774 2812 848 2886 384)
871 2813 957 2875 hodie
989 2833 1035 2875 me
1065 2814 1207 2894 paenitet,
1241 2814 1288 2876 die
1315 2816 1375 2876 lan.
1398 2814 1437 2876 13
1465 2815 1576 2876 scilicet

217 2915 286 2978 anni
309 2915 370 2977 727
394 2917 502 2997 populo
525 2935 643 2978 ornnem
668 2915 847 2996 provinciam
869 2916 1012 2978 redditam
1028 2936 1101 2991 esse,
1125 2918 1210 2999 plane
1226 2927 1260 2979 ut
1274 2916 1327 2979 Dio
1343 2917 1429 2992 53‚9
1451 2919 1576 2999 loquen-

218 3029 277 3081 tem
300 3019 413 3082 inducit
434 3020 587 3082 Gaesarem
610 3039 635 3080 a.
653 3019 732 3079 727:
762 3014 956 3102 ἀποδίδωμι
983 3013 1064 3102 ripis
1086 3021 1142 3081 real
1164 3018 1206 3082 τὰ
1227 3015 1317 3083 ὅπλα
1338 3020 1394 3082 καὶ
1417 3019 1457 3082 τὰ
1480 3018 1575 3104 ἔθνη.

219 3123 335 3186 Scilicet
359 3124 457 3186 Asiam
490 3122 669 3204 provinciam
701 3142 768 3185 cum
800 3123 975 3187 reddidisset
1000 3143 1025 3185 a.
1048 3123 1123 3197 726,
1159 3123 1324 3185 nniversam
1357 3124 1574 3186 restitutionem

218 3227 338 3307 pertenit
366 3227 412 3289 die
435 3225 571 3289 indicato.
608 3226 688 3299 Quae
711 3225 810 3288 omnia
831 3245 892 3288 non
922 3234 1036 3288 tautum
1059 3236 1161 3308 coepta
1183 3236 1213 3291 et
1234 3227 1347 3300 oblata,
1375 3227 1426 3288 sed
1448 3229 1576 3307 perlecta

217 3349 282 3392 esse
305 3331 495 3410 depositoque
517 3328 745 3392 extraordinario
767 3331 810 3392 rei
832 3330 964 3410 publicae
992 3329 1212 3392 constituendae
1239 3330 1362 3393 arbitrio
1383 3329 1522 3410 deinceps
1544 3350 1576 3392 se

219 3434 296 3496 solos
324 3434 512 3514 magistratus
542 3434 606 3496 inre
635 3433 787 3496 communi
814 3433 870 3495 sibi
900 3434 1011 3496 delatos
1039 3432 1203 3496 obtinuisse
1225 3433 1288 3514 ipse
1312 3432 1448 3496 sollemni
1470 3434 1525 3494 hac
1546 3443 1577 3495 et

218 3547 354 3618 postuma
378 3539 531 3600 testatione
555 3545 693 3599 testatum
716 3555 781 3599 esse
803 3537 903 3612 voluit,
926 3536 1053 3599 manime
1069 3537 1119 3598 ubi
1134 3536 1175 3598 ait
1189 3546 1256 3618 post
1269 3556 1295 3599 a.
1313 3536 1374 3599 727
1390 3535 1529 3616 dignitate
1545 3555 1576 3598 se

218 3640 335 3720 quidem
352 3640 489 3702 omnibus
505 3641 696 3722 praestitisse,
713 3639 868 3720 potestatis
883 3649 980 3702 autem
997 3639 1071 3701 nibil
1085 3639 1212 3720 amplius
1228 3640 1365 3702 habuisse
1380 3659 1468 3720 quarn
1485 3638 1576 3701 babe-

218 3751 285 3804 rent
310 3743 340 3803 in
370 3763 547 3824 unoquoque
570 3743 744 3823 magistratu
767 3743 900 3823 collegae.
938 3743 1005 3804 ·Nec
1027 3747 1189 3823 refragatur
1212 3762 1311 3805 rerum
1335 3743 1477 3804 memoria
1499 3762 1576 3804 vera.

218 3846 290 3908 Nam
304 3867 380 3942 'cum
404 3848 439 3909 ad
462 3867 487 3909 a.
504 3866 597 3927 usquc
614 3847 674 3907 727
698 3845 861 3927 provincias
876 3847 977 3927 populi
992 3847 1117 3910 Romani
1133 3846 1311 3910 obtinuisset
1325 3855 1355 3908 et
1369 3865 1472 3908 ornnes
1487 3845 1577 3908 simul

319 4032 340 4094 ¹)
359 4031 395 4082 lta
419 4031 444 4080 in
468 4046 566 4080 nummo
584 4029 930 4096 16616616,116)661666
947 4037 1156 4096 repraesentante
1174 4031 1290 4092 Angusto
1309 4036 1490 4096 postmortem
1508 4029 1578 4096 posi-

219 4123 268 4167 tam
280 4133 336 4168 curu
349 4115 473 4167 scribitur
485 4131 608 4166 consensu
619 4115 746 4181 66661166)
758 4117 936 4181 616616661616)
949 4114 1068 4182 66111616)
1079 4113 1407 4185 6166611161661111661661),
1419 4114 1578 4179 significatur

220 4203 399 4269 compositam
418 4218 475 4254 6666
493 4219 541 4252 666
561 4208 665 4253 6666166
690 4201 806 4252 66666116
830 4215 910 4265 neque
927 4201 993 4266 lege,
1012 4203 1056 4253 scd
1074 4202 1105 4253 ab
1125 4203 1241 4254 omnibus
1260 4201 1393 4252 ordinibus
1411 4215 1470 4250 6666
1488 4206 1578 4265 666616

219 4289 323 4340 collato.
359 4289 485 4340 Similiter
508 4288 683 4355 explicandum
708 4289 773 4353 quod
797 4287 894 4350 legitur
917 4287 943 4337 iu
967 4288 1074 4338 nummis
1097 4287 1201 4339 Vitellii
1224 4295 1251 4338 61
1269 4286 1420 4352 Vespasiani
1442 4301 1579 4338 cormeum

219 4377 383 4426 6666116666
405 4375 498 4440 (Ceben
521 4374 576 4426 Vit.
591 4375 637 4437 23,
649 4374 726 4440 Vesp.
740 4372 783 4438 tt)
801 4379 828 4422 et
845 4372 871 4423 16
892 4387 988 4424 nummo
1007 4373 1110 4425 Vitellii
1127 4389 1263 4425 consensus
1282 4373 1464 4440 Hispaniarum
1483 4373 1578 4439 (Ceben

219 4460 273 4512 vu.
288 4461 345 4524 29);
368 4462 429 4512 item
453 4460 533 4512 verba
550 4461 630 4526 elogii
649 4458 765 4511 llnrdiae
784 4457 822 4523 (C.
838 4457 879 4524 Vl,
901 4458 1004 4525 tutam:
1023 4463 1052 4509 ut
1065 4497 1072 4510 .
1085 4498 1091 4510 .
1104 4497 1111 4510 .
1122 4464 1181 4527 post
1198 4460 1328 4511 1166666666
1347 4473 1470 4510 remansa
1487 4460 1579 4510 ciuium

219 4546 367 4598 landaretur·
385 4553 411 4598 et
429 4547 536 4598 maximo
552 4546 651 4598 decreti
670 4544 820 4596 Pisanorum
833 4543 925 4609 106611.
938 4545 1012 4610 623);
1030 4543 1129 4613 placare
1141 4549 1289 4614 6666616116
1301 4546 1436 4613 6666661.
1449 4546 1580 4598 11166666

218 4633 323 4700 Apriles
341 4633 400 4699 (qno
419 4635 460 4684 die
479 4649 534 4684 eum
553 4632 718 4696 magistratus
738 4647 785 4680 non
806 4637 892 4682 666661
905 4631 1033 4682 decretum
1045 4631 1103 4683 lieri
1116 4648 1165 4682 non
1179 4633 1271 4699 661611)
1286 4670 1312 4685 ..
1326 4670 1332 4683 .
1346 4671 1352 4683 .
1366 4635 1439 4698 foeta
1450 4637 1509 4683 aeta
1520 4648 1578 4683 cort·

218 4721 314 4770 6111616
331 4723 392 4770 aaut
407 4734 454 4786 per
471 4735 620 4770 eonsensum
642 4718 758 4769 omniunt
776 4717 904 4786 ordinum,
922 4734 953 4768 ea
970 4720 1056 4768 omnia
1073 4721 1111 4768 ita
1125 4719 1196 4784 ficri
1234 4717 1261 4768 16
1279 4719 1366 4769 1116116
1385 4718 1579 4784 municipalibus

220 4820 341 4872 persaepe
360 4804 496 4872 opponitur
514 4804 618 4856 decreto
637 4805 801 4855 decurionum
819 4821 967 4868 consensus,
985 4804 1115 4869 volontas,
1134 4803 1274 4870 postulatio
1287 4811 1336 4855 661.
1349 4805 1435 4870 666611
1449 4803 1580 4871 plebisve:

220 4891 334 4957 exempla
352 4892 472 4958 quaedam
492 4891 621 4958 composui
640 4890 667 4942 C.
687 4891 704 4942 1.
717 4889 746 4942 L.
760 4892 811 4942 vol.
825 4891 851 4942 Χ
862 4908 886 4958 p.
903 4893 974 4945 rtet.

1369 4973 1421 5029 10*
