3812 5580
783 443 831 508 77,
852 443 956 496 77-77
1481 447 1542 511 153

190 624 251 686 876
271 625 348 685 inter
370 625 442 685 duas
466 625 564 685 lauros
584 630 765 685 sustentatus
787 621 944 685 alliciaris
959 623 1033 684 alata
1048 641 1115 684 cum
1131 623 1322 704 inscriptione
1338 625 1407 687 bac:
1429 637 1544 688 semotas

189 727 335 808 populusq.
357 727 479 788 Roman.
508 729 575 807 imp.
601 726 721 788 Caesari
749 727 809 788 divi
832 729 856 806 s.
879 727 1002 808 Augusto
1028 729 1132 808 pontis.
1160 747 1288 812 manum.
1310 733 1378 811 imp.
1401 749 1455 792 cos.
1477 732 1543 792 trib.

186 841 325 911 potestat,
349 849 423 910 quae
446 830 598 910 inscriptio
621 839 739 911 propter
761 829 963 910 pontificatum
987 829 1147 891 maximum
1171 850 1248 892 anno
1269 832 1330 893 742
1347 832 1492 913 posterior
1507 833 1546 894 sit

191 953 309 994 necesse
331 942 385 995 est.
423 933 501 995 llaec
523 953 591 995 cum
614 932 683 994 olim
700 933 862 994 rettulerim
879 934 915 995 ad
929 934 1048 1014 clupeos
1063 933 1162 1012 plures
1176 933 1308 1014 Augusto
1324 935 1447 997 diversis
1467 943 1545 996 tem-

190 1037 310 1118 poribus
337 1037 464 1111 oblatos,
493 1038 550 1099 iam
581 1037 673 1115 magle
702 1036 788 1098 credo
813 1036 925 1111 ubivis,
954 1036 993 1100 ibi
1016 1055 1133 1116 quoque
1155 1037 1206 1098 ubi
1228 1038 1322 1119 clupei
1345 1038 1462 1100 virtutis
1484 1057 1545 1100 non

190 1139 296 1200 diserte
319 1139 429 1200 mentio
457 1143 530 1201 locta
552 1149 611 1212 est,
639 1139 795 1220 significari
821 1141 956 1221 clupeum
980 1140 1145 1201 dedicatum
1168 1160 1193 1201 a.
1210 1140 1281 1201 727.
1325 1142 1353 1203 ls
1375 1143 1453 1204 enim
1476 1161 1544 1203 cum

189 1242 358 1323 propositus
380 1252 459 1304 esset
479 1243 510 1304 in
533 1243 612 1304 curia
631 1242 712 1316 Iulia,
735 1243 765 1304 in
787 1244 919 1306 nummis
942 1243 1093 1324 titulisque
1114 1251 1193 1306 recte
1215 1245 1427 1326 repraesentari
1449 1243 1546 1325 potuit

191 1346 276 1409 etiarn
300 1346 512 1426 posterioribus
534 1347 674 1427 principis
697 1348 790 1421 annis,
814 1349 922 1429 pariter
944 1357 1031 1428 atque
1053 1366 1190 1409 coronam
1211 1347 1329 1410 civicam
1349 1349 1451 1410 eodem
1468 1357 1546 1410 tem-

190 1471 261 1532 pore
280 1452 376 1513 datam
394 1451 551 1532 scriptores
566 1459 595 1512 et
610 1451 766 1513 caelatores
782 1461 924 1532 perpetuo
939 1452 1131 1514 celebrarunt.
1169 1451 1301 1513 Honores
1317 1451 1396 1513 enirn
1412 1451 1545 1533 perpetui

190 1557 258 1618 licet
285 1556 391 1617 diversi
416 1564 447 1616 et
469 1555 584 1616 diverso
607 1565 738 1635 tempore
761 1556 869 1617 decreti
892 1565 970 1618 recte
992 1557 1021 1616 in
1045 1556 1147 1616 eodem
1170 1573 1295 1616 nummo
1316 1555 1544 1634 coniunguntur.

293 1659 450 1720 Decretum
477 1675 542 1719 esse
569 1657 706 1738 clupeum
736 1659 815 1720 bunc
843 1679 919 1721 anno
942 1659 1003 1720 727
1032 1667 1064 1720 ut
1086 1660 1316 1720 commentarius
1339 1660 1482 1733 ostendit,
1506 1660 1545 1721 ita

193 1763 347 1824 confirmat
369 1763 431 1842 ipsa
453 1761 548 1842 clupei
571 1761 736 1842 inscriptio,
759 1780 827 1823 nam
850 1763 945 1824 virtus
967 1773 1066 1843 aperte
1089 1764 1248 1842 respondet
1269 1763 1368 1836 lauris,
1391 1763 1545 1824 clementia

192 1885 314 1927 coronae
337 1865 453 1926 civicae.
491 1863 669 1932 Colloeatum
693 1885 756 1927 esse
771 1867 801 1927 in
817 1866 897 1928 curia
913 1866 984 1928 lolia
1000 1887 1036 1928 ex
1051 1867 1113 1928 solo
1129 1866 1342 1928 commentario
1357 1866 1544 1946 intellegitur,

191 1987 368 2049 quamquam
389 1967 617 2047 imperatoribus
632 1969 695 2029 aliis
710 1969 833 2030 dedicati
848 1969 878 2031 in
895 1989 927 2030 ea
940 1971 1035 2050 clupei
1050 1970 1118 2031 abbi
1133 1989 1250 2050 quoque
1264 1979 1544 2032 commemorantur.

193 2073 314 2134 Sueton.
330 2072 415 2132 born.
432 2071 487 2132 23:
510 2081 625 2134 senatus
646 2071 754 2152 repleta
777 2077 857 2134 curia
878 2075 970 2136 scalm
991 2075 1099 2154 inferri
1118 2074 1272 2154 clipeosque
1293 2085 1319 2136 et
1333 2077 1471 2154 imagines
1486 2079 1547 2136 eius

192 2195 287 2238 eoram
314 2175 427 2237 detrudi
454 2176 537 2237 iubet.
581 2175 645 2237 Vita
668 2173 780 2236 Claudii
801 2175 917 2237 Gotbiei
939 2177 972 2236 3:
1000 2176 1046 2237 illi
1068 2222 1124 2238 ...
1147 2178 1266 2257 7777777777
1289 2196 1409 2238 astream
1432 2187 1547 2240 senatus

191 2283 278 2341 totius
298 2280 402 2340 iudicio
431 2283 462 2340 777
483 2278 616 2340 Romana
643 2283 724 2340 catria
747 2279 914 2342 collocatum
937 2292 993 2355 est,
1020 2293 1051 2344 ut
1072 2284 1233 2342 etiamnunc
1255 2282 1381 2350 videtur,
1410 2299 1546 2362 ecpressa

191 2383 303 2444 thorace
331 2381 427 2443 vultus
454 2385 523 2444 77777.
568 2382 605 2444 Et
634 2382 788 2444 commode
815 2401 885 2444 sane
913 2381 1059 2445 bonorum
1086 2383 1252 2464 principum
1284 2383 1426 2463 imagines
1453 2383 1493 2445 ibi
1515 2385 1546 2445 in

191 2494 366 2567 perpetuum
389 2485 638 2565 proponebantur,
662 2485 739 2546 sicut
760 2485 904 2547 clarorum
930 2495 1080 2547 oratorum
1103 2486 1244 2565 imagines
1267 2486 1414 2566 clupeatae
1430 2499 1546 2568 prosta-

194 2589 264 2650 bant
285 2589 316 2649 in
339 2587 513 2649 bibliotheca
535 2587 666 2650 Palatina
682 2587 785 2667 (Tacit.
801 2607 869 2649 ann.
886 2588 922 2662 2,
944 2588 995 2649 37.
1012 2587 1075 2668 83).
1110 2590 1244 2662 Victoria,
1268 2609 1355 2668 quam
1379 2598 1409 2652 et
1431 2591 1548 2652 nummi

192 2700 222 2753 et
248 2691 325 2754 tituli
352 2690 535 2770 coniungunt
563 2711 631 2753 curn
661 2693 765 2772 clupeo
791 2691 822 2752 in
851 2692 931 2753 curia
959 2693 1032 2754 Iulia
1059 2693 1204 2766 dedicato,
1234 2692 1387 2754 referenda
1409 2701 1454 2754 est
1483 2693 1547 2755 sine
1660 2725 1662 2730 ·

192 2796 280 2857 dubio
302 2795 338 2857 ad
360 2805 440 2856 aram
456 2794 608 2869 Victoriae,
631 2815 720 2876 quam
743 2795 790 2856 die
812 2797 885 2874 Aug.
902 2796 942 2858 28
966 2797 1108 2858 dedicavit
1121 2797 1273 2876 Augustus
1295 2795 1326 2856 in
1349 2797 1449 2859 eadem
1465 2797 1546 2858 curia

191 2900 338 2961 aedificata
354 2919 379 2961 a.
396 2899 457 2961 725
480 2899 624 2982 (usupra
647 2921 675 2981 p.
692 2901 760 2977 79),
791 2909 977 2979 statuamque
998 2899 1129 2962 eiusdem
1153 2901 1222 2962 deae
1244 2898 1352 2961 ibidem
1375 2900 1544 2961 collocatam

192 3008 230 3079 (v.
253 3004 363 3064 Becker
386 3009 445 3082 top.
461 3023 490 3083 p.
507 3003 583 3078 346;
607 3005 636 3066 C.
653 3004 675 3064 1.
692 3003 724 3064 L.
741 3004 753 3064 l
768 3023 795 3084 p.
813 3003 888 3064 4007

291 3108 467 3186 Argenteum
497 3108 632 3187 clupeum
660 3108 784 3186 Augusti
813 3126 901 3187 quern
931 3116 1075 3170 memorat
1097 3106 1261 3169 Hadrianus
1288 3105 1466 3186 (orationum
1493 3105 1547 3165 llll

191 3211 267 3290 apud
290 3209 454 3272 Cbarisium
482 3211 624 3291 apaan
647 3211 724 3272 Keil:
754 3231 772 3272 a
801 3211 892 3284 vobis,
917 3229 948 3291 p.
970 3230 1007 3282 7.,
1026 3222 1091 3290 peto
1122 3222 1147 3272 et
1174 3215 1357 3290 impetratum
1385 3209 1547 3270 valdissime

192 3318 271 3393 capio
293 3325 324 3375 ut
342 3319 475 3394 promime
496 3317 647 3395 imaginem
662 3317 782 3396 Augusti
803 3325 967 3395 argenteum
986 3319 1080 3395 patim
1102 3315 1233 3394 clupeum
1248 3318 1288 3376 sic
1302 3325 1334 3374 ut
1350 3313 1473 3394 Augusto
1492 3331 1547 3393 pe-

191 3417 278 3496 natis)
300 3417 426 3478 eundem
449 3417 590 3496 Bergldus
606 3418 715 3480 iudicat
735 3419 766 3479 in
788 3418 912 3480 lectione
934 3418 1040 3480 tradita
1063 3437 1191 3479 errorem
1216 3427 1298 3478 ratus
1319 3416 1431 3490 inesse;
1455 3415 1546 3494 magis

192 3519 364 3581 crediderim
384 3523 532 3584 diversum
559 3522 666 3595 luisse,
696 3522 806 3584 scilicet
831 3521 988 3601 imaginem
1011 3521 1135 3600 Augusti
1162 3519 1192 3581 in
1220 3519 1395 3582 bibliotheca
1417 3519 1547 3581 Palatina

192 3622 360 3685 collocatam
375 3625 507 3706 (Tacitus
522 3644 590 3686 ann.
607 3625 636 3700 2,
652 3625 715 3706 37),
739 3645 813 3705 quae
834 3625 994 3705 quominus
1017 3624 1047 3685 in
1070 3625 1172 3704 clupeo
1195 3631 1332 3703 argenteo
1353 3623 1450 3697 luerit,
1474 3622 1547 3683 nibd

192 3727 296 3789 obstat.

706 3957 864 4030 77777
893 3940 1032 4031 xxxv

256 4155 320 4196 777.
336 4137 365 4210 6,
380 4155 407 4198 77
435 4134 568 4196 Tertium
592 4134 759 4212 dec[dmum
782 4133 975 4212 consulatum
995 4135 1214 4214 comparabam,
1236 4147 1351 4198 senatus
1366 4144 1391 4194 et
1406 4135 1548 4214 epulester

379 4259 405 4302 77
433 4239 505 4300 ordo
525 4235 529 4321 7
548 4239 749 4319 populusqlae]
762 4237 913 4299 dominus
925 4235 1547 4320 universus[appellavitmepatremplatriae

379 4360 407 4403 77
434 4342 521 4422 idque
540 4342 545 4424 7
564 4341 595 4403 in
623 4339 775 4418 vestiendo
805 4341 933 4418 7777777777
964 4342 1097 4402 meierum
1125 4341 1353 4419 inscriben[dum
1380 4359 1436 4402 esse
1463 4349 1489 4400 et
1515 4343 1548 4400 ire

378 4466 404 4510 77
434 4451 515 4509 curia
536 4445 574 4523 777
596 4445 626 4507 in
648 4446 713 4505 iord
729 4444 801 4523 Aug.
821 4441 826 4527 7
846 4445 902 4505 sub
924 4444 1101 4523 quadriglils,
1124 4463 1198 4524 quae
1218 4445 1290 4506 mibi
1307 4446 1362 4523 [em]
1377 4463 1400 4505 s.
1416 4463 1440 4504 e.
1458 4445 1547 4523 pocli-

433 4561 479 4611 tae
499 4559 574 4622 som,
599 4548 737 4624 decrecid.

224 4669 269 4712 cn.
288 4650 335 4724 18,
353 4671 407 4714 777
438 4647 718 4733 Τρισκαιδεκόπην
745 4643 909 4712 ὑπατείαν
934 4645 1070 4728 ἄγοντός
1099 4669 1162 4730 μου
1185 4644 1205 4732 η’
1226 4672 1261 4711 rc
1284 4646 1469 4732 σύνΙκλητος
1491 4645 1548 4709 καὶ

381 4772 404 4815 77
434 4750 471 4814 τὸ
494 4749 638 4817 ἳππικὸν
658 4750 768 4836 τάγμα
788 4747 856 4816 ὅτε
871 4748 999 4826 adverae
1014 4749 1117 4836 δῆμος
1131 4755 1196 4816 τῶν
1215 4749 1219 4835 7
1237 4749 1404 4834 Ῥωμαίων
1419 4768 1547 4834 προση-

383 4874 406 4917 77
432 4853 570 4937 rapsaci
592 4880 632 4939 ps
655 4860 784 4941 πατέρα
805 4853 968 4940 πατρίδος
990 4855 1045 4917 καὶ
1068 4856 1164 4918 τοῦτο
1184 4857 1189 4938 7
1209 4853 1267 4918 ἐπὶ
1289 4856 1348 4919 τοῦ
1371 4853 1546 4940 προπόλου
