3796 5588
205 1943 457 2052 Commentarius
480 2009 579 2052 rerum
602 2000 761 2070 gestarum,
784 2009 872 2071 quem
895 1991 932 2053 ab
946 1992 1079 2072 Augusto
1102 1991 1201 2072 paucis
1224 1999 1291 2052 ante
1307 1999 1432 2052 mortem
1450 1991 1561 2052 mensi-

204 2091 260 2154 bus
291 2092 490 2173 conscriptum
521 2112 585 2156 esse
615 2095 652 2156 ad
678 2094 900 2175 inscriptionem
928 2095 1118 2176 exposuimus
1145 2093 1223 2173 (vide
1250 2093 1438 2175 intrepi),
1467 2093 1561 2175 capita

203 2196 410 2278 complectitur
430 2196 561 2276 quinque
583 2207 612 2259 et
640 2197 773 2278 triginta,
804 2217 865 2259 non
894 2207 1046 2260 numerata
1076 2198 1209 2278 quidem,
1237 2198 1287 2258 sed
1314 2197 1451 2260 distincta
1473 2216 1560 2260 versu

203 2298 301 2380 primo
324 2301 479 2361 eminente.
510 2299 550 2362 Ea
573 2319 640 2364 cum
664 2303 764 2363 eadem
788 2301 900 2364 sintin
923 2300 1035 2363 Latinis
1058 2300 1234 2381 Graecisque
1255 2299 1324 2380 (nisi
1346 2299 1425 2380 quod
1447 2300 1583 2370 addita,

204 2411 337 2464 mentum
360 2403 434 2466 alius
456 2403 585 2466 auctoris
609 2404 711 2466 Latine
734 2403 874 2467 dividitur
896 2403 926 2465 in
942 2405 1035 2485 capita
1050 2414 1200 2484 quattuor,
1223 2404 1331 2466 Graece
1346 2404 1558 2480 continuatur),

202 2506 304 2567 eadem
334 2505 422 2568 etiam
450 2506 480 2569 in
503 2508 637 2588 exemplo
659 2509 811 2589 Ancyrano
833 2517 863 2570 et
885 2507 1096 2589 Apolloniensi,
1125 2506 1188 2570 iure
1211 2511 1376 2570 referentur
1397 2509 1434 2570 ad
1462 2508 1559 2590 ipsum

201 2592 368 2689 Augustum
392 2610 437 2672 rel
459 2619 537 2673 certe
559 2611 596 2672 ad
618 2612 809 2694 archetypum
833 2611 1038 2674 commentarii
1061 2611 1210 2692 exemplar
1231 2611 1261 2671 in
1285 2610 1358 2672 urbe
1381 2611 1558 2692 expositum,

201 2711 300 2792 itaque
322 2731 377 2774 nos
400 2733 518 2794 quoque
532 2733 592 2777 non
608 2715 808 2778 dubitavimus
823 2718 985 2778 secundum
1000 2733 1034 2778 ea
1048 2714 1296 2778 commentarium
1318 2713 1403 2776 edere
1426 2717 1559 2778 numeris

201 2816 331 2889 adiectis,
354 2837 533 2898 quamquam
556 2819 619 2899 ipsa
641 2819 809 2881 distributio
831 2837 935 2900 parurn
958 2817 1118 2900 probabilis
1140 2827 1186 2879 est
1200 2827 1230 2879 et
1244 2836 1331 2898 saepe
1347 2817 1449 2880 eodem
1466 2817 1559 2900 capite

201 2919 298 2999 agitur
326 2921 361 2982 de
390 2922 478 2983 rebus
506 2920 637 2982 (liversis.
682 2922 747 3003 lpse
774 2923 1006 2985 commentarius
1036 2921 1199 3002 tripertitus
1222 2929 1282 2982 est:
1310 2920 1407 3001 agitur
1428 2921 1559 3002 primum

199 3024 236 3085 de
251 3023 414 3086 honoribus
429 3024 460 3084 in
475 3023 641 3104 Augustum
665 3024 786 3099 collatis,
811 3025 840 3087 id
861 3033 907 3087 est
929 3026 964 3086 de
983 3024 1200 3104 magistratibus
1216 3023 1386 3086 sacerdotiis
1402 3025 1559 3107 triumphis

199 3127 378 3207 reliquisque
407 3127 552 3189 similibus
581 3127 683 3190 multis
705 3136 735 3190 et
758 3127 843 3190 variis
867 3134 905 3203 (c.
921 3126 1050 3206 1—xrv),
1078 3127 1182 3189 deinde
1209 3129 1245 3190 de
1268 3127 1409 3208 impensis
1432 3147 1505 3208 quas
1529 3129 1560 3190 in

198 3249 261 3292 rem
278 3230 425 3312 publicam
441 3231 477 3292 de
492 3250 547 3293 suo
569 3232 637 3294 lecit
659 3231 697 3311 (c.
713 3233 882 3312 xv-xxrv),
905 3231 1031 3312 denique
1054 3233 1089 3294 de
1111 3231 1200 3292 rebus
1223 3230 1313 3311 gestis
1335 3250 1406 3312 pace
1427 3231 1560 3312 belloque

198 3335 238 3414 (u.
252 3333 458 3414 xxv-xxxr);
481 3334 579 3414 itaque
601 3335 651 3415 qui
674 3335 792 3397 titulum
813 3334 932 3398 dictent
946 3354 1047 3399 rerum
1063 3343 1212 3416 gestarum
1229 3334 1287 3397 divi
1302 3334 1436 3416 Augusti,
1451 3336 1560 3414 quibus

198 3438 300 3500 orbem
329 3449 473 3524 terrarum
503 3438 626 3519 imperio
653 3437 753 3519 populi
775 3437 899 3501 Romani
922 3439 1111 3514 subiecisset,
1139 3447 1168 3500 et
1189 3439 1405 3520 impensarum,
1435 3439 1559 3520 quasin

197 3561 260 3604 rem
276 3543 423 3624 publicam
439 3542 641 3624 populumque
656 3541 858 3604 Romanorum
885 3543 1012 3618 lecisset,
1035 3543 1161 3624 primam
1184 3551 1297 3624 partem
1322 3542 1431 3617 omisit,
1452 3561 1560 3605 secun-

198 3649 265 3709 dam
290 3647 464 3726 tertiamque
487 3644 615 3707 invertit.
660 3645 846 3726 Quamquam
873 3646 1061 3729 partitionem
1088 3647 1167 3708 illam
1191 3647 1341 3726 Augustus
1369 3656 1488 3709 secutus
1514 3655 1560 3708 est

197 3751 227 3813 in
251 3752 424 3814 universum
447 3759 562 3812 tantum
586 3751 653 3838 sine
670 3751 844 3834 scrupulosa
866 3750 1027 3812 anxietate:
1050 3750 1090 3812 ita
1113 3751 1144 3812 in
1157 3733 1262 3831 'primo
1279 3757 1404 3812 mactatu
1421 3749 1470 3811 ubi
1486 3768 1559 3812 cen-

196 3855 292 3918 soriae
321 3853 475 3935 potestatis
506 3851 649 3925 meminit,
680 3853 760 3933 ipsos
794 3874 911 3935 quoque
941 3872 1047 3917 census
1073 3857 1138 3916 tuse
1165 3861 1282 3916 enarrat
1310 3857 1346 3928 (e.
1370 3853 1443 3932 vnr),
1472 3853 1558 3916 tertio

196 3958 323 4021 inseruit
344 3975 404 4019 non
420 3957 516 4019 solum
532 3956 659 4018 bonores
675 3975 742 4018 cum
759 3957 802 4019 rei
817 3957 950 4039 publicae
964 3957 1152 4020 restitutione
1168 3956 1350 4030 coniunctos,
1366 3957 1446 4037 quod
1460 3965 1559 4038 potest

197 4062 313 4125 delendi
335 4063 373 4142 (c.
389 4060 496 4141 xxxxv),
520 4062 573 4123 sed
596 4059 683 4122 etiam
708 4061 826 4124 titulum
841 4060 933 4143 patris
949 4060 1059 4141 patriae
1075 4060 1131 4123 sibi
1146 4060 1277 4122 oblatum
1295 4061 1332 4134 (c.
1349 4063 1450 4136 xxxv);
1473 4060 1558 4122 deni-

196 4185 253 4248 qne
275 4185 336 4229 non
358 4185 451 4248 pauca
473 4174 553 4238 sunt,
576 4182 651 4244 quae
672 4165 735 4245 pari
756 4165 821 4227 iure
843 4176 873 4228 et
894 4165 991 4247 pm'mo
1012 4174 1042 4228 ει
1056 4165 1144 4228 tertio
1159 4163 1255 4227 ordini
1270 4163 1371 4227 inferri
1388 4173 1558 4246 potuerunt.

195 4270 370 4353 Diligentius
399 4277 611 4352 autemkquam
639 4268 767 4349 reliquas
791 4270 863 4330 duas
886 4269 1036 4348 Augustus
1059 4278 1214 4331 exsecutus
1236 4277 1282 4331 εει
1303 4277 1416 4350 partem
1439 4267 1474 4330 de
1497 4267 1557 4330 im-

196 4375 295 4457 pensis
317 4375 348 4436 in
378 4393 442 4436 rem
470 4372 615 4455 publicam
642 4373 741 4447 lactis,
770 4372 896 4435 maxime
925 4373 1010 4434 ludos
1037 4371 1258 4452 congiariaque3
1279 4390 1374 4453 neque
1395 4373 1426 4434 id
1448 4371 1556 4434 mirum

195 4479 294 4542 estin
317 4479 403 4542 titulo
418 4477 527 4540 Romae
549 4479 701 4560 proposito
724 4477 892 4559 scriptoque
915 4476 1102 4557 potissimum
1126 4475 1203 4557 plebi
1221 4475 1359 4538 urbanae.
1401 4476 1435 4537 ln
1457 4494 1556 4538 rerum

196 4583 309 4646 delectu
333 4581 522 4655 domesticas,
546 4591 580 4645 ut
601 4602 654 4664 par
677 4591 752 4655 erat,
776 4581 927 4659 Angustus
951 4579 1065 4642 silentio
1087 4579 1295 4661 praetermisit,
1322 4589 1438 4643 utnon
1461 4581 1556 4642 solum

196 4686 335 4750 mulieres
364 4687 471 4749 domus
494 4687 558 4749 eius
581 4705 726 4767 nusquam
750 4692 968 4757 memorentur,
996 4683 1047 4746 sed
1068 4703 1107 4746 ne
1128 4684 1299 4764 adoptiones
1321 4683 1441 4764 quidem
1465 4683 1556 4762 signi-

195 4791 330 4854 ficentur.
374 4791 408 4852 ln
431 4791 555 4872 publicis
585 4810 653 4853 cum
681 4809 752 4852 snos
778 4790 905 4852 honores
928 4805 1055 4867 suasque
1076 4805 1124 4849 res
1147 4796 1243 4867 gestas
1265 4805 1405 4848 enarrans
1428 4786 1556 4849 liliorum

195 4892 258 4956 Gaii
282 4893 363 4956 Lucii
386 4893 496 4956 Tiberii
525 4895 682 4975 generique
704 4893 847 4974 Agrippae
873 4891 984 4973 passim
1013 4890 1189 4964 meminerit,
1220 4891 1300 4952 nullo
1327 4891 1391 4952 loeo
1412 4907 1450 4951 ne
1473 4889 1555 4951 ducis
