3798 5584
362 450 425 513 102
974 452 1006 518 V,
1026 455 1042 507 9
1065 455 1095 507 10

361 627 537 689 Graecorum
559 628 666 690 borum
691 629 783 691 maior
809 651 876 712 prars
899 651 979 694 nuno
1000 633 1118 694 densum
1143 639 1284 714 patefacta
1302 647 1355 696 est.
1374 671 1408 677 -
1429 635 1503 696 llaia
1518 637 1581 696 loeo
1598 635 1713 696 llusch-

360 730 426 793 kias
454 734 537 808 (dher
567 734 622 794 den
650 753 707 795 zur
735 736 794 798 teta
820 736 871 797 der
895 735 1001 798 Gehnrt
1025 736 1131 799 Christi
1152 738 1319 817 pehalternn
1344 738 1451 801 Census
1472 759 1500 819 p.
1517 739 1556 800 53
1571 759 1624 818 sq,
1648 739 1712 800 coll.

360 836 430 896 dher
452 835 506 896 den
524 835 632 898 Cannas
654 837 705 899 der
720 838 877 901 Kaiserzeit
898 860 926 919 p.
941 839 973 918 x)
989 859 1110 902 sensnm
1134 841 1233 903 intulit
1248 861 1284 903 ex
1300 841 1395 903 Lucae
1410 843 1558 921 evangelio
1574 843 1713 922 supplens

361 938 418 1000 sic:
448 943 575 1001 omnnem
597 942 823 1020 proub‘nn'ornm
854 962 968 1004 cernam
997 948 1043 1023 epi
1062 955 1088 1007 et
1110 948 1236 1023 earaarn]‚
1265 947 1366 1026 quihus
1388 955 1453 1019 aot,
1477 965 1546 1006 sane
1568 965 1713 1024 perverse.

361 1041 438 1102 Idem
468 1041 633 1121 provincias
663 1063 737 1122 qnae
766 1053 902 1125 parerent
924 1045 1056 1124 Augusto
1082 1048 1197 1128 negavit
1220 1059 1297 1110 reate
1321 1049 1376 1110 diei
1399 1049 1497 1131 populi
1521 1048 1663 1122 Romani3
1685 1059 1715 1109 at

360 1143 510 1224 Augustas
533 1144 675 1225 quidquid
701 1146 803 1221 tenuit,
827 1149 927 1230 populi
946 1149 1066 1234 nomine
1083 1159 1180 1213 tenere
1197 1171 1228 1214 se
1245 1171 1361 1232 semper
1377 1155 1526 1232 protessus
1541 1161 1586 1213 est
1600 1151 1714 1233 Aegyp-

361 1257 484 1327 tumque
511 1248 583 1310 adeo
606 1248 708 1310 scribit
729 1250 869 1313 adiecisse
893 1247 924 1314 se
946 1258 1063 1334 irnperio
1081 1255 1183 1335 papuli
1203 1255 1329 1318 Romani
1350 1259 1391 1332 (5,
1415 1256 1477 1336 24).
1501 1291 1542 1298 m
1566 1255 1663 1316 bata
1686 1267 1716 1316 et

361 1352 410 1412 Gr.
429 1353 466 1413 10
490 1352 737 1433 supplementum,
761 1355 839 1433 quod
862 1355 1033 1436 Zumptium
1058 1368 1176 1420 senatus
1199 1359 1229 1420 in
1252 1358 1297 1420 ed.
1320 1359 1417 1439 priore
1438 1358 1587 1439 proposui,
1611 1367 1714 1436 recog-

360 1455 421 1516 nito
454 1455 549 1535 lapide
585 1455 791 1518 confirmatum
821 1467 866 1521 est
898 1459 999 1540 paneis
1033 1461 1170 1534 motatiS,
1204 1462 1357 1542 explosum
1391 1471 1489 1523 autem
1519 1460 1712 1541 llergldanum

359 1568 453 1638 pamas
475 1560 556 1640 padue
578 1570 674 1621 nostro
695 1561 815 1640 infestae
836 1573 919 1624 erum
940 1565 1069 1644 impertio
1091 1575 1121 1626 et
1144 1563 1226 1648 ἔθνη
1251 1563 1406 1646 πολέμια.

460 1663 520 1724 lam
544 1662 651 1742 quibus
673 1663 710 1724 de
730 1663 889 1744 provinciis
911 1666 967 1728 boe
986 1667 1050 1730 loeo
1065 1669 1200 1748 cogitarit
1214 1670 1373 1747 Augustus,
1397 1669 1555 1730 videamus.
1574 1704 1613 1711 —
1629 1667 1714 1729 Fines

360 1766 447 1840 anati,
470 1765 629 1846 dequibus
651 1767 708 1828 hoe
729 1767 823 1848 eapite
845 1768 955 1848 agitur,
978 1773 1014 1832 ad
1037 1771 1192 1852 llispanias
1214 1791 1274 1833 non
1296 1771 1484 1852 perveniunt,
1511 1771 1620 1852 qnippe
1642 1791 1714 1850 quae

361 1881 461 1951 gentes
488 1871 624 1932 barbaras
651 1871 767 1951 proprie
794 1871 933 1936 finitimas
962 1875 1103 1936 haberent
1136 1877 1241 1936 nrrllas.
1268 1909 1310 1918 —
1337 1874 1455 1954 lmperii
1483 1877 1556 1935 hnes
1583 1874 1715 1954 Augusta

361 1975 439 2036 visos
466 1993 529 2035 esse
552 1973 732 2035 Germanicis
759 1977 822 2036 suis
849 1977 1083 2058 expeditionibus
1109 1978 1250 2039 allhono
1273 1978 1400 2058 prolatos
1421 1977 1457 2038 ad
1480 1977 1573 2038 Albim
1598 1997 1715 2038 neeesse

363 2087 408 2140 est
431 2085 593 2138 statuamus
617 2084 770 2156 propterea
797 2080 875 2157 quod
904 2079 992 2141 iniis
1014 2100 1089 2160 quae
1111 2089 1276 2160 sequnntur
1298 2081 1482 2143 Germaniam
1507 2082 1546 2142 ait
1568 2081 1714 2160 pacavisse

362 2203 393 2243 se
415 2182 451 2242 ad
473 2181 582 2241 ostium
606 2179 736 2240 fluminis
758 2180 855 2256 Albis;
882 2184 1003 2263 pacandi
1026 2184 1105 2246 enim
1130 2183 1300 2246 vocabulum
1325 2203 1383 2245 non
1408 2191 1566 2262 usurpatur
1589 2185 1625 2244 de
1647 2201 1715 2262 agro

361 2283 491 2346 hostiurn
514 2301 652 2363 prospere
680 2294 845 2363 peragrato,
878 2286 929 2347 sed
957 2287 992 2347 de
1020 2298 1096 2349 terra
1120 2287 1241 2367 imperio
1264 2287 1393 2348 subiecta
1416 2286 1536 2347 devietis
1558 2285 1714 2347 rebellibus

362 2390 397 2449 ad
420 2405 521 2467 paoem
544 2395 685 2447 revocata.
733 2385 838 2448 Caesar
859 2388 887 2449 b.
904 2390 937 2450 G.
964 2393 990 2463 1,
1014 2392 1046 2452 6:
1069 2395 1144 2452 inter
1164 2391 1235 2471 fines
1257 2391 1451 2452 lleluetiornm
1473 2401 1499 2450 et
1523 2390 1713 2469 ,Allobropnan

362 2496 412 2572 qni
430 2509 523 2570 nuper
541 2494 639 2570 parati
655 2501 745 2562 erant,
768 2491 924 2554 Rhodanus
944 2495 1025 2572 stain
1049 2495 1158 2555 Seneca
1174 2503 1233 2554 nat.
1249 2514 1278 2573 q.
1294 2495 1323 2566 6,
1348 2495 1380 2554 7;
1403 2495 1513 2555 medias
1526 2496 1601 2554 inter
1611 2503 1715 2572 pacato

361 2607 387 2656 et
402 2593 515 2656 hostilia
536 2594 602 2672 sinit
624 2593 774 2656 Danuuius
795 2606 821 2656 et
843 2595 967 2674 libanus,
991 2597 1064 2659 alter
1078 2597 1259 2687 Sarmaticos
1275 2601 1394 2676 impetus
1420 2597 1547 2658 cohibens
1643 2595 1716 2656 alter

365 2697 520 2760 Germanas
547 2698 662 2758 auidam
687 2709 797 2778 perstem
826 2699 893 2761 belli
910 2701 1066 2780 repetitam
1089 2701 1150 2763 biv.
1167 2699 1196 2776 8,
1213 2701 1267 2761 34:
1297 2706 1356 2764 sine
1377 2711 1533 2762 annaneane
1554 2703 1622 2780 oapi
1639 2700 1716 2761 mili-

361 2813 402 2865 tes
428 2807 459 2862 tn
485 2811 603 2882 pacata,
631 2805 660 2862 in
688 2801 790 2864 hostico
815 2813 918 2863 errent.
963 2802 1006 2864 lta
1027 2805 1151 2884 Augusti
1174 2804 1260 2865 verba
1285 2805 1445 2866 Suetonius
1467 2822 1584 2883 quoque
1605 2803 1716 2883 aceepit

363 2925 387 2967 c.
411 2905 466 2966 21:
497 2905 653 2966 Germanos
678 2903 760 2966 altro
780 2904 873 2967 Albim
900 2906 1024 2983 [lamam
1050 2912 1216 2980 summouit,
1243 2927 1338 2987 neque
1365 2907 1443 2967 onim
1467 2909 1523 2968 hoc
1545 2905 1716 2985 significarit

362 3010 523 3070 Germanos
545 3027 581 3070 ex
604 3007 689 3069 terris
710 3007 788 3068 inter
807 3008 943 3070 Rhenum
963 3019 993 3072 et
1009 3010 1102 3072 Albim
1119 3009 1328 3072 exterminatos
1343 3031 1417 3084 esse,
1439 3029 1512 3089 quas
1528 3019 1620 3070 terras
1636 3008 1715 3069 omui

362 3123 495 3193 tempore
517 3120 684 3184 tenuerunt,
708 3111 758 3172 sed
781 3111 952 3174 Germaniae
974 3113 1095 3186 liberae,
1124 3133 1197 3192 quae
1220 3115 1275 3176 hac
1296 3122 1390 3176 aetate
1412 3113 1485 3175 κατ’
1507 3110 1622 3194 ἐξοχὴν
1644 3113 1715 3173 Ger-

363 3215 459 3277 mania
482 3215 538 3276 diei
564 3216 646 3290 solet,
673 3235 727 3296 pro
750 3215 852 3276 llbeuo
874 3215 969 3278 Albim
997 3217 1158 3279 terminum
1187 3220 1296 3278 tantuna
1324 3233 1397 3274 essa.
1441 3214 1543 3295 ltaque
1565 3217 1715 3294 Augustus

256 3327 259 3334 '
362 3337 539 3400 quamquam
566 3319 675 3382 Gallias
702 3329 728 3380 et
755 3318 907 3398 Hispanias
929 3325 1094 3400 provincias
1124 3319 1295 3382 Germaniae
1328 3337 1479 3398 opponens
1512 3319 1588 3380 haue
1621 3337 1715 3397 neque

363 3423 518 3485 Galliarum
550 3423 763 3503 provinciarum
791 3422 924 3484 terminis
952 3424 1199 3504 comprehendere
1231 3421 1323 3485 noluit
1352 3441 1447 3501 neque
1474 3422 1567 3502 ipsam
1596 3422 1714 3502 provin-

363 3527 437 3589 eiam
460 3526 613 3607 appellare,
636 3525 691 3591 haa
713 3525 893 3588 vacillatione
916 3529 1002 3589 tacite
1024 3531 1176 3590 consessas
1199 3535 1336 3589 eventum
1361 3525 1450 3586 eladis
1465 3524 1614 3596 Varianae,
1638 3522 1715 3584 nihi-

362 3630 491 3692 lominus
514 3629 700 3691 Germaniam
723 3629 799 3691 inter
814 3630 950 3691 Rhenum
973 3639 1003 3692 et
1017 3631 1113 3693 Albim
1130 3632 1245 3713 imperii
1261 3630 1386 3691 Romani
1405 3647 1470 3690 esse
1485 3629 1533 3690 ait.
1571 3628 1602 3688 ld
1619 3627 1714 3707 ipsum

361 3751 539 3814 quamquam
563 3739 712 3813 praeterea
734 3751 794 3793 non
818 3732 943 3795 traditur
965 3733 1046 3814 (nam
1070 3735 1217 3796 diversum
1240 3735 1385 3814 estquod
1408 3732 1449 3794 ait
1465 3731 1569 3794 Strabo
1592 3733 1622 3804 7,
1647 3733 1673 3802 1,
1697 3733 1714 3791 A

362 3857 391 3917 p.
409 3837 466 3898 191
491 3836 657 3915 Augustum
681 3835 769 3896 duces
791 3834 940 3897 Romanos
955 3836 1050 3898 Albim
1074 3839 1238 3918 transgredi
1260 3835 1410 3916 vetuisse),
1433 3835 1570 3897 convenit
1591 3834 1627 3894 iis
1643 3853 1714 3914 qnae

362 3941 398 4001 de
420 3939 486 4001 Vari
507 3937 758 4001 administratione
774 3938 945 4001 Germaniae
968 3941 1124 4002 traduntur
1146 3975 1187 3983 —
1210 3943 1245 4000 al.
1266 3939 1429 4003 Cassiodor.
1450 3941 1511 4000 chr.
1533 3938 1568 3999 ad
1591 3958 1616 3999 a.
1640 3937 1713 3998 746:

361 4047 436 4106 inter
458 4043 550 4105 Albim
571 4053 597 4105 et
619 4042 748 4104 Rberrnrn
773 4042 911 4106 Germani
932 4062 1027 4106 omnes
1051 4045 1090 4106 Ti.
1112 4043 1221 4104 ll'eroni
1241 4045 1328 4105 dediti
1347 4052 1377 4104 et
1392 4042 1464 4104 Vell.
1481 4041 1509 4115 2,
1533 4041 1591 4102 97:
1615 4039 1714 4119 (Tibe-

362 4147 437 4227 rius)
463 4149 502 4208 sia
528 4147 690 4227 perdomnit
717 4144 930 4228 (Germaniam)
956 4159 990 4210 at
1015 4152 1045 4210 in
1071 4148 1198 4228 sormam
1223 4165 1314 4227 paene
1346 4145 1550 4226 stipendiariae
1581 4145 1715 4225 redigeret

360 4253 524 4330 prouinaiae
553 4283 594 4292 —
624 4250 833 4329 universaeque
867 4250 1085 4331 expeditionum
1120 4250 1243 4329 Augusti
1276 4248 1516 4311 Germanicarum
1551 4247 1658 4309 rationi
1687 4254 1715 4306 et

363 4352 514 4425 deaursui3
547 4352 597 4414 sed
625 4351 713 4414 latius
743 4353 813 4414 baec
834 4354 1003 4434 explicanda
1024 4361 1095 4414 sunt
1116 4371 1203 4432 quam
1228 4362 1262 4414 at
1283 4354 1338 4414 hae
1358 4353 1468 4433 pagella
1491 4351 1652 4432 capiantur.
1677 4384 1713 4396 -

362 4455 467 4537 lllyrici
494 4465 524 4518 et
545 4455 727 4516 llaaedoniae
750 4457 823 4517 lines
845 4456 994 4536 Augustus
1016 4456 1056 4518 ita
1078 4455 1215 4536 protulit,
1244 4466 1277 4516 ut
1298 4474 1390 4517 novae
1411 4455 1577 4536 provinciae
1598 4454 1640 4515 ibi
1662 4455 1712 4514 be-

362 4569 430 4621 raut
450 4559 595 4639 Illyricum
619 4559 740 4621 interius
763 4561 824 4621 sive
846 4559 997 4620 Pannonia
1020 4569 1049 4621 et
1079 4560 1194 4621 Moesia.
1218 4594 1259 4603 -
1282 4561 1314 4620 ln
1335 4558 1401 4620 Asia
1425 4558 1539 4620 minore
1565 4558 1713 4638 Augustus

362 4681 421 4724 non
444 4671 504 4724 tam
527 4662 692 4743 Bithyniam
715 4663 796 4724 auxit
817 4683 904 4745 quam
928 4683 1018 4744 regno
1040 4665 1182 4746 Amyntae
1205 4663 1235 4724 in
1258 4661 1423 4743 provinciae
1451 4664 1576 4724 tonnam
1599 4661 1713 4723 redacto

362 4767 501 4829 Galatiam
535 4766 712 4848 provinciam
747 4767 913 4842 constituit,
947 4768 993 4830 cui
1025 4769 1129 4830 deinde
1151 4767 1376 4848 Paphlagoniam
1404 4765 1509 4828 adiecit
1535 4763 1714 4845 (hlarquardt

362 4869 633 4952 Staatsoerwaltnop
658 4875 672 4933 t
697 4893 725 4953 p.
742 4872 826 4947 359).
871 4872 1110 4934 llomonadenses
1134 4871 1163 4932 in
1186 4870 1321 4933 confiniis
1341 4869 1526 4950 Pamphyliae
1549 4878 1579 4930 et
1600 4866 1712 4930 Ciliciae
