3812 5580
373 485 436 550 180
901 481 950 534 on
969 480 1196 536 meorumue

369 662 481 737 3109);
507 660 541 734 Q.
563 662 650 724 Vdrr'o
668 659 702 733 Q.
718 662 741 742 f.
757 659 873 724 &mano
895 661 947 742 lep.
963 663 1026 724 dlvi
1039 661 1110 742 Aop.
1127 647 1167 737 ll,
1187 679 1243 744 pro
1259 662 1323 734 eos„
1343 682 1402 745 pr„
1426 673 1462 726 tr.
1481 663 1535 744 pl„
1556 683 1592 746 p,
1609 671 1729 747 quaerit.

366 767 461 838 clodia,
484 766 578 846 praef.
600 765 691 845 frum.
716 763 812 836 tono..
838 764 865 826 Χ
886 765 1111 836 mactildis..
1135 770 1266 830 curatori
1284 766 1399 829 neotum
1421 785 1494 828 socr.
1518 779 1729 832 monumentor.

368 887 420 949 que
439 867 544 948 potilio.
567 867 747 930 tuendorum.
792 866 820 928 lo
838 871 953 948 primos
982 870 1110 930 omnium
1132 867 1257 948 Paelipo.
1280 879 1397 932 senator
1422 871 1518 951 foetur
1551 883 1591 934 est
1623 884 1649 936 et
1682 891 1730 934 eoo

366 971 487 1033 honores
515 974 607 1050 pessit.
651 969 870 1049 Superoepuom'
893 970 1003 1050 pollice
1028 979 1161 1049 patrono.
1208 970 1265 1032 Sed
1293 971 1323 1032 in
1352 971 1453 1034 ordine
1481 973 1628 1036 honorum
1659 984 1730 1054 post

370 1073 534 1152 Augustum
557 1071 724 1152 provinciae
746 1071 909 1150 legatorum
932 1073 1056 1152 Augusti
1078 1090 1144 1134 raro
1167 1071 1354 1135 omittuntur.

466 1175 510 1236 nd
532 1174 610 1236 aliud
633 1193 726 1254 genus
748 1174 910 1254 legatorum
934 1183 1068 1256 spectant
1090 1175 1168 1237 tituli
1191 1176 1242 1256 qui
1264 1186 1438 1256 sequuntur.

390 1282 416 1340 1.
450 1279 481 1340 in
505 1277 602 1340 tabula
625 1295 787 1340 marmorea
812 1296 915 1357 magna
938 1287 968 1340 et
990 1287 1091 1340 ornata
1114 1287 1144 1340 et
1166 1278 1276 1359 optime
1299 1281 1408 1360 scripta
1429 1289 1545 1362 reperta
1560 1280 1672 1344 Romae
1694 1282 1727 1344 in

449 1380 625 1444 coemeterio
648 1389 818 1442 sanctorum
842 1380 927 1442 Nerei
951 1389 982 1443 et
1002 1381 1124 1443 Achillei
1147 1381 1192 1442 via
1215 1381 1382 1445 Ardeatino.

467 1521 797 1598 Q·CAEREL1JVS
822 1522 961 1595 ·Q·F
1150 1523 1215 1598 Q·
1238 1524 1463 1586 CAERELLIO
1486 1555 1494 1572 ·
1517 1526 1549 1583 M
1572 1526 1624 1584 ·F

509 1624 563 1679 mn
591 1637 598 1651 ·
626 1623 708 1665 mvsa
735 1635 742 1650 ·
765 1622 821 1664 car
844 1635 852 1652 ·
876 1622 959 1678 (ωε
1188 1623 1243 1679 Qu
1272 1637 1280 1655 ·
1308 1627 1393 1669 earm
1422 1628 1491 1668 ·ra
1514 1639 1522 1656 ·
1544 1627 1625 1669 rernm

509 1708 568 1753 rao
591 1709 652 1750 ιη
668 1719 675 1735 ·
691 1708 730 1750 rr
745 1719 753 1736 ·
770 1707 802 1749 rc
818 1720 824 1736 ·
841 1707 959 1752 necaro
979 1695 1043 1762 sim)
1187 1708 1270 1763 Quae
1294 1722 1300 1738 ·
1324 1712 1362 1753 ra
1378 1725 1386 1740 ·
1402 1695 1623 1756 ac·rrasrorl

509 1793 567 1838 nno
590 1804 598 1822 ·
622 1794 658 1835 on
674 1806 681 1822 ·
698 1793 754 1834 rna
769 1803 777 1821 ·
795 1792 830 1835 ra
847 1805 853 1821 ·
871 1793 961 1836 sacer
1148 1793 1202 1836 uso
1218 1807 1227 1823 ·
1243 1796 1266 1839 u
1283 1809 1290 1823 ·
1306 1795 1425 1840 annom
1441 1809 1449 1827 ·
1466 1796 1524 1841 rao
1541 1809 1548 1824 ·
1565 1796 1624 1841 cos

507 1877 758 1923 ravines-scm
974 1865 1039 1930 stet)

465 1965 519 2007 uso
555 1979 562 1994 ·
599 1965 626 2006 τι
659 1977 666 1991 ·
694 1961 833 2006 caasams
862 1974 869 1990 ·
899 1964 962 2006 avo

630 2048 689 2092 rao
713 2063 720 2076 ·
744 2047 803 2091 cos

463 2136 500 2178 rx
523 2149 530 2163 ·
553 2133 753 2178 aasramnuro

448 2219 479 2280 G.
496 2218 541 2292 Vl,
567 2217 649 2279 1364
663 2243 706 2270 =
721 2216 839 2279 Henzen
862 2235 892 2278 n.
909 2216 1002 2280 5368.

384 2320 414 2382 2.
448 2320 563 2382 Brixiae
585 2319 615 2381 in
639 2319 727 2381 domo
742 2318 882 2382 Ludorici
897 2319 1093 2400 Martinenghi
1107 2339 1174 2382 acc.
1190 2338 1298 2395 σηοω
1320 2328 1421 2401 postea
1435 2320 1513 2402 apud
1527 2321 1724 2400 Areroldum3

447 2441 528 2486 nunc
551 2422 709 2485 imminuta
731 2423 761 2484 in
784 2441 888 2485 museo
909 2422 1036 2502 publico.

820 2541 1265 2592 u·rort1'10·o·s

820 2627 992 2669 rasorono
1025 2641 1033 2658 ·
1068 2629 1146 2670 ram
1174 2642 1183 2661 ·
1215 2630 1259 2671 mor

819 2711 1261 2760 aso·x·osn·o·oun

819 2797 997 2843 noconvu
1063 2811 1070 2826 ·
1137 2798 1262 2842 rvnurc

819 2884 956 2926 rosavn
993 2897 1001 2915 ·
1037 2885 1106 2927 aen
1144 2899 1152 2914 ·
1190 2885 1259 2928 con

819 2968 1261 3016 recar0·rn0·rn·1orn

818 3039 1263 3099 ex·s·c·so·sx·ach0nrr

819 3139 851 3179 τι
876 3151 883 3166 ·
907 3139 1084 3183 caesaris
1107 3141 1127 3182 n

446 3225 477 3286 G.
492 3224 525 3299 V,
548 3223 631 3285 4348
655 3221 787 3297 derisu,
810 3231 956 3301 qnatenus
979 3231 1073 3298 extat3
1097 3230 1255 3302 praeterea,
1278 3229 1423 3303 quatenus
1446 3221 1533 3285 datur
1547 3222 1654 3286 litteris
1668 3225 1719 3286 in·

446 3324 570 3400 minatis,
593 3327 629 3389 ad
651 3327 772 3405 antiqua
793 3325 925 3406 exempla
948 3325 1040 3406 proba
1062 3333 1092 3387 et
1114 3333 1202 3387 certa.

458 3430 501 3490 lia
524 3429 638 3492 duobus
661 3429 738 3502 viris,
760 3447 887 3508 qnorum
910 3428 1003 3508 elogia
1025 3447 1113 3509 supra
1140 3427 1359 3510 proposuimus,
1386 3427 1418 3490 C.
1434 3428 1574 3491 Pontium
1601 3428 1717 3508 Paelig-

359 3553 431 3597 num
461 3533 593 3594 urbanns
620 3532 725 3594 titulus
752 3532 783 3594 C.
804 3531 854 3604 VI,
885 3529 966 3592 1266
994 3531 1122 3612 scriptus
1149 3539 1201 3593 aut
1226 3531 1366 3593 extremis
1399 3531 1485 3594 annis
1514 3531 1637 3612 Augusti
1664 3540 1718 3594 aut

359 3637 415 3699 sub
437 3635 554 3697 Tiberio
576 3635 626 3708 (cl.
647 3633 788 3714 Borghesi
810 3651 877 3713 opp.
894 3631 923 3705 3,
947 3631 1018 3694 363.
1035 3633 1064 3706 6,
1082 3635 1134 3708 47)
1157 3643 1290 3695 recenset
1311 3635 1390 3696 inter
1411 3641 1561 3696 curatores
1583 3636 1716 3715 quinque

358 3740 489 3801 locorum
523 3738 707 3818 publicorum
740 3734 972 3798 iudicandorum.
1027 3735 1062 3809 Q.
1085 3735 1242 3799 Caesellius
1269 3745 1417 3817 praeterea
1440 3737 1517 3817 quod
1540 3737 1630 3799 sciam
1654 3758 1716 3801 non

357 3841 540 3914 nominatur,
574 3859 629 3903 nec
655 3840 747 3921 patris
774 3841 837 3900 eius
863 3838 1038 3900 memoriam
1065 3839 1149 3901 aliam
1182 3839 1296 3912 inveni,
1330 3859 1417 3919 quem
1451 3840 1555 3901 titulus
1588 3840 1717 3902 declarat

357 3945 484 4024 legatum
518 3943 608 4005 luisse
631 3943 668 4004 ll.
684 3942 813 4010 Antonii.
847 3941 952 4004 deinde
984 3942 1201 4023 proconsulem,
1235 3942 1312 4004 sicut
1345 3942 1422 4004 tilius
1448 3943 1579 4023 primurn
1601 3943 1714 4022 legatus

357 4048 402 4108 Ti.
417 4047 542 4126 Augusti
564 4046 629 4120 luit,
663 4045 768 4108 deinde
789 4045 948 4125 proconsul
972 4047 1018 4120 (cf.
1036 4045 1125 4106 Orell.
1142 4044 1247 4120 3141).
1293 4044 1354 4107 lloc
1387 4044 1466 4106 enim
1501 4045 1593 4124 magis
1620 4047 1715 4127 placet

308 4213 311 4220 ,
357 4169 444 4230 quam
474 4151 553 4230 qnod
579 4147 734 4230 proposuit
756 4147 919 4222 llenzenus‚
946 4149 977 4209 in
1001 4147 1086 4210 titulo
1119 4148 1211 4228 patris
1238 4163 1346 4227 procos.
1370 4157 1535 4210 extremum
1564 4149 1714 4229 pertinere

356 4253 391 4314 ad
422 4253 519 4333 ipsnm
544 4253 580 4314 iil.
601 4251 777 4324 Antoninm3
808 4269 862 4312 nec
885 4250 1084 4312 difficultatem
1109 4250 1196 4312 habet
1224 4268 1334 4313 nomen
1355 4251 1474 4313 Antonii
1496 4249 1621 4346 nulum,
1643 4269 1711 4313 cum

355 4354 388 4416 in
415 4355 507 4434 elogio
535 4363 628 4416 aetate
654 4353 840 4433 imperatoria
872 4353 987 4434 publice
1019 4353 1171 4436 proposito
1203 4353 1286 4416 locus
1319 4371 1407 4434 quem
1440 4353 1466 4413 is
1498 4351 1531 4412 in
1553 4352 1712 4433 ¹republica

356 4475 569 4486 ——

457 4545 478 4612 ¹)
506 4544 625 4595 Errrtntn
644 4541 736 4594 fabrile
754 4559 800 4610 pro
821 4548 993 4591 LEGATVS·

455 4631 477 4693 ⁹)
506 4631 553 4680 llic
571 4645 667 4696 qnoque
685 4630 864 4696 quadratarius
878 4631 980 4682 videtur
998 4645 1109 4694 errasse,
1128 4646 1183 4681 nam
1201 4645 1236 4680 oso
1252 4631 1355 4679 reamur
1374 4625 1486 4679 consulti
1495 4630 1627 4690 rmtentr'o,
1647 4627 1712 4694 quoti

356 4715 489 4782 proposuit
509 4713 626 4778 Roscius,
644 4715 769 4765 rationem
787 4731 837 4766 non
856 4715 941 4780 halet,
959 4730 1014 4767 cum
1027 4716 1170 4767 consultum
1183 4722 1287 4765 senatus
1301 4714 1355 4780 ipss
1369 4713 1404 4764 sit
1417 4713 1554 4780 sonantia,
1571 4729 1618 4766 noc
1630 4715 1712 4778 magis

355 4808 426 4852 recta
445 4800 575 4852 omittitur
592 4797 676 4850 duodo
693 4809 750 4866 post
766 4801 850 4866 frunt.
881 4801 1004 4868 Quaesivi
1025 4799 1090 4867 qnod
1108 4799 1183 4852 dandi
1200 4798 1354 4866 respondeat
1372 4799 1530 4862 vocabulum,
1549 4801 1625 4867 quala
1643 4799 1712 4854 iorot

354 4884 580 4949 subministrando,
598 4885 642 4937 sed
660 4894 744 4953 aptum
764 4887 859 4938 nullum
877 4888 973 4941 inveni.
