3812 5580
672 439 829 498 nluvnvs
847 441 1071 500 utnvnnntvs
1488 451 1549 514 163

292 622 437 694 Quattuor
460 620 663 684 haecindicie
689 622 864 703 expendenti
890 622 973 684 lacile
999 622 1150 703 apparebit
1172 642 1290 685 omnem
1317 625 1447 687 nominis
1473 635 1551 689 certa

191 723 304 786 ratione
326 723 518 804 recuperandi
540 743 622 804 spem
646 724 773 805 positam
801 744 865 787 esse
893 725 924 785 in
944 725 1138 805 legationibus
1161 727 1301 807 SyrIacis3
1331 729 1441 810 reliqua
1471 731 1550 792 enim

191 829 246 889 tria
270 837 328 889 tam
352 827 454 888 multis
477 826 648 889 hominihus
670 829 840 891 communia
863 832 994 903 luerunt,
1029 837 1062 890 ut
1089 828 1125 890 ad
1155 830 1391 894 confirmandum
1419 842 1448 895 et
1470 836 1551 897 relu-

192 931 314 993 tandum
338 928 430 1010 magis
452 929 567 992 valcant
588 950 678 1010 quam
700 931 736 993 ad
760 931 979 993 inveniendum.
1026 930 1125 1020 Syriae
1146 941 1245 994 antem
1274 933 1362 1013 legati
1391 945 1458 1016 post
1487 956 1550 998 rem

191 1035 338 1115 publicam
371 1033 408 1094 ab
429 1033 563 1113 Augusto
596 1033 763 1096 restitutam
787 1053 813 1096 a.
837 1034 899 1096 727
929 1035 1050 1114 quinam
1084 1035 1195 1097 luerint
1225 1041 1263 1113 (v.
1286 1036 1420 1100 Norisius
1454 1049 1550 1102 cenot.

191 1137 250 1198 Pis.
283 1158 312 1218 p.
347 1135 409 1198 289
440 1155 500 1216 sq.;
539 1137 745 1199 Sanclemente
777 1138 796 1198 l.
824 1157 849 1199 c.
875 1159 904 1220 p.
934 1140 996 1200 417
1031 1157 1090 1219 sq.;
1129 1139 1284 1220 Zumptius
1317 1158 1425 1202 comm.
1459 1141 1550 1222 epigr.

191 1241 263 1322 2p.
287 1243 324 1302 71
350 1244 416 1322 sql,
441 1242 499 1304 iam
522 1239 682 1302 videamus.
728 1240 784 1302 Sed
807 1241 904 1322 ipsum
937 1243 1111 1304 laterculum
1145 1251 1302 1322 antequam
1337 1244 1550 1324 aggrediamur,

191 1343 321 1424 primum
344 1344 589 1407 considerandum
622 1351 680 1416 est,
714 1362 803 1424 quem
837 1344 935 1407 locum
968 1345 999 1406 in
1024 1345 1106 1425 Syria
1140 1345 1371 1408 administranda
1404 1346 1551 1409 adiutores

193 1447 317 1527 Augusti
340 1457 484 1528 potestate
507 1466 595 1529 supra
618 1447 745 1526 legatum
768 1448 893 1529 praediti
915 1448 1074 1511 habuerint
1096 1448 1223 1530 Agrippa
1245 1459 1275 1512 et
1296 1451 1327 1512 C.
1345 1449 1458 1513 Caesar.

291 1551 329 1612 Μ.
345 1551 501 1632 Agrippam
530 1570 598 1612 cum
632 1559 747 1612 constet
773 1552 810 1613 ab
831 1573 857 1614 a.
873 1552 941 1614 inde
969 1551 1030 1614 736
1064 1552 1101 1613 ad
1133 1551 1238 1614 mortis
1270 1572 1366 1633 usque
1399 1553 1461 1614 742
1494 1573 1553 1616 una

191 1672 258 1716 com
273 1654 405 1734 Augusto
428 1672 562 1715 summae
584 1671 683 1714 rerum
706 1655 867 1734 praefuisse
891 1655 1046 1718 tribunicia
1068 1663 1213 1734 potestate
1234 1654 1327 1717 delata
1350 1656 1399 1718 illo
1421 1675 1499 1718 anno
1521 1658 1552 1718 in

192 1756 429 1837 quinquennium
465 1757 626 1835 iterataque
663 1775 689 1817 a.
711 1758 787 1831 741,
824 1778 912 1839 quem
948 1760 1048 1821 locum
1085 1766 1153 1819 ante
1188 1757 1270 1819 illum
1304 1777 1416 1820 annum
1451 1759 1482 1820 in
1520 1779 1551 1821 re

194 1860 308 1940 publica
338 1860 466 1922 tenuerit
490 1868 521 1921 et
543 1860 631 1921 etiam
654 1861 909 1942 postillamque
935 1863 998 1924 iure
1026 1860 1244 1942 provinciarum
1266 1862 1552 1924 administrationem

192 1983 208 2024 a
232 1963 385 2026 tribunicia
408 1971 552 2044 potestate
574 1981 627 2042 per
655 1981 685 2024 se
712 1963 888 2026 disiunctam
916 1963 1088 2035 exercuerit,
1115 1963 1256 2025 traditum
1286 1982 1346 2026 non
1376 1965 1552 2046 accepimus.

192 2066 344 2128 Probabile
368 2076 466 2129 tamen
489 2075 534 2128 est
559 2067 595 2128 ab
624 2066 688 2148 ipso
718 2085 795 2129 anno
819 2067 895 2141 727,
925 2087 983 2148 quo
1010 2086 1064 2148 per
1092 2067 1262 2128 consulatus
1293 2068 1368 2128 duos
1396 2068 1553 2130 continuos

193 2179 222 2232 et
243 2170 406 2232 censoriam
429 2178 604 2251 potestatem
627 2169 759 2248 Augusto
781 2168 936 2248 exaequari
958 2177 1079 2248 coeptus
1102 2177 1154 2242 est,
1184 2171 1421 2249 proconsularem
1451 2181 1552 2252 potes·

194 2280 282 2334 tatem
305 2273 345 2335 ita
368 2273 394 2334 ei
416 2273 590 2353 permissam
614 2291 686 2346 esse,
710 2281 744 2334 ut
765 2273 801 2334 ad
827 2272 997 2334 universnm
1020 2271 1177 2351 imperium
1201 2291 1234 2333 ea
1256 2272 1431 2352 perveniret,
1455 2273 1553 2334 minor

194 2384 291 2437 tamen
313 2385 391 2438 esset
413 2395 502 2457 quam
525 2375 620 2438 simile
643 2375 690 2436 ius
712 2374 805 2456 ipsius
827 2375 1023 2456 imperatoris.
1059 2374 1134 2436 Nam
1157 2374 1213 2436 boc
1235 2384 1265 2437 et
1288 2377 1342 2437 toti
1362 2375 1553 2456 reipublicae

194 2478 371 2540 ordinationi
393 2479 503 2560 optime
532 2478 667 2540 convenit
689 2478 729 2557 (v.
749 2477 922 2541 Stactsreclu
937 2478 976 2538 2²
992 2497 1020 2560 p.
1038 2478 1133 2553 1094)
1161 2486 1190 2538 et
1222 2497 1297 2557 quae
1331 2478 1366 2539 de
1397 2478 1486 2540 rebus
1517 2479 1554 2540 ab

192 2582 318 2663 Agrippa
338 2582 427 2662 gestis
449 2582 615 2655 traduntur,
639 2582 727 2644 modo
757 2581 893 2642 universa
922 2581 1103 2652 consideres,
1133 2579 1217 2641 eliam
1253 2581 1476 2660 explicationem
1505 2581 1554 2642 rin

193 2685 347 2766 repriunt.
392 2686 477 2758 Quod
500 2685 602 2747 scribit
622 2685 764 2765 Iosephus
794 2703 860 2745 eum
890 2702 943 2763 per
970 2683 1070 2744 decem
1094 2701 1187 2744 annos
1215 2702 1269 2763 pro
1292 2683 1399 2745 vicario
1422 2683 1553 2745 Caesaris

193 2808 240 2850 res
263 2787 393 2850 Orientis
416 2787 666 2850 administravisse
689 2788 751 2862 (15,
775 2788 823 2860 10,
844 2786 878 2846 2:
902 2787 1072 2868 πέμπεται
1096 2782 1133 2846 δὲ
1150 2780 1338 2866 Ἀγρίππας
1361 2786 1425 2848 τῶν
1447 2787 1554 2866 πέραν

188 2887 306 2955 Ἰονίου
327 2887 485 2969 διάδοχος
510 2892 666 2970 Καίσαρι.
694 2891 751 2964 16,
776 2890 811 2962 3,
834 2890 871 2952 3:
904 2885 1076 2971 Ἀγρίππᾳ
1102 2909 1140 2964 γε
1169 2887 1233 2970 pulv
1264 2883 1391 2951 ἀνιόντι
1421 2888 1468 2962 εἷς
1497 2887 1555 2971 τὴν

190 2989 315 3076 Ῥώμην
336 2991 418 3075 μετὰ
445 2993 503 3076 τὴν
531 2991 698 3076 διοίκησιν
724 2993 789 3056 τῶν
822 2990 880 3054 tut
913 2993 969 3075 τῆς
997 2987 1113 3063 Ἀσίας
1145 2989 1280 3073 δεκαετῆ
1312 2992 1553 3074 γεγενημένην),

195 3097 348 3160 vicariatus
367 3105 447 3159 recte
461 3095 634 3158 conciliatur
655 3115 723 3157 cnm
746 3094 870 3176 imperio
892 3094 941 3156 illo
963 3094 1178 3175 proconsulari3
1201 3113 1275 3174 quae
1290 3103 1388 3156 autem
1406 3094 1432 3156 ei
1447 3112 1553 3174 parum

195 3201 331 3262 convenit
351 3200 484 3262 locorum
507 3209 536 3261 ct
559 3207 725 3280 temporum
749 3198 879 3260 definitio
901 3207 1001 3279 aperte
1023 3217 1040 3260 a
1067 3197 1221 3278 peregrino
1249 3206 1368 3260 auctore
1390 3198 1426 3259 ad
1448 3216 1495 3260 res
1517 3197 1554 3259 ab

195 3303 321 3384 Agrippa
343 3312 438 3383 gestas
462 3303 553 3382 magis
574 3305 699 3364 formata
722 3310 767 3364 est
788 3320 876 3381 quam
899 3302 936 3363 ad
959 3301 1005 3362 ius
1020 3301 1163 3381 Agrippae
1185 3301 1375 3382 permissum,
1398 3319 1453 3363 nec
1475 3309 1554 3362 recte

195 3407 313 3468 delendi
334 3415 441 3487 potest.
485 3405 558 3467 Nam
588 3406 666 3485 quod
696 3403 836 3485 Iosephus
864 3412 963 3484 aperte
992 3403 1135 3483 significat
1164 3404 1190 3466 ci
1217 3405 1249 3466 in
1277 3405 1372 3466 solum
1402 3403 1553 3465 Orientem

197 3527 249 3589 per
271 3507 335 3569 illos
357 3526 450 3570 anuos
472 3507 520 3569 ius
547 3507 655 3581 fuisse,
683 3527 716 3568 ea
743 3509 856 3568 ratione
883 3507 1019 3581 omnino,
1048 3525 1104 3585 qua
1132 3509 1188 3569 sub
1215 3507 1333 3570 Tiberio
1363 3506 1555 3568 Germanicus

197 3631 263 3674 cum
286 3611 410 3692 imperio
432 3611 633 3691 proconsulari
655 3609 786 3690 primum
802 3609 901 3670 Gabiis
923 3619 953 3671 et
967 3609 1131 3672 Germaniis
1153 3611 1287 3691 praefuit,
1310 3608 1414 3671 deinde
1435 3607 1556 3689 provin-

196 3715 248 3777 ciis
281 3724 363 3776 trans
396 3733 477 3776 mare
510 3713 624 3775 Iunium
653 3717 692 3788 (r.
711 3712 886 3774 Stuotsrcclrt
907 3711 925 3772 2
947 3733 974 3793 p.
994 3713 1075 3775 1099
1104 3713 1168 3774 adn.
1192 3713 1242 3792 4),
1274 3713 1303 3774 id
1338 3713 1369 3773 in
1396 3711 1554 3792 Agrippam

197 3836 256 3879 non
279 3816 435 3880 convenire
457 3816 525 3878 Inde
547 3815 702 3895 colligitur,
724 3815 803 3895 quad
825 3815 850 3876 is
873 3833 926 3894 per
940 3834 965 3876 a.
982 3814 1149 3877 733-737
1165 3815 1271 3895 partIm
1291 3815 1322 3876 in
1343 3814 1426 3888 urbe,
1448 3814 1555 3895 partim

196 3922 227 3983 in
250 3921 350 3984 Galliis
372 3919 578 4000 llispaniisque
600 3937 740 3999 praesens
767 3937 815 3978 res
842 3917 1066 3980 administravit.
1112 3917 1253 3980 Similiter
1275 3917 1418 3979 terminos
1439 3915 1557 3996 imperii

196 4025 274 4086 illIos
297 4041 363 4084 cum
387 4023 538 4103 Iosephus,
561 4040 740 4102 quamquam
763 4020 891 4082 reditum
907 4020 1051 4101 Agrippae
1073 4039 1108 4082 ex
1129 4021 1209 4082 ltalia
1231 4020 1261 4081 in
1278 4019 1429 4081 Orientem
1452 4038 1478 4081 a.
1495 4018 1556 4080 737

197 4127 320 4188 minime
335 4127 473 4205 ignorans
489 4125 552 4202 (16,
568 4124 598 4198 2,
617 4126 656 4200 1),
679 4125 772 4186 nihilo
788 4123 887 4186 minus
902 4132 1001 4203 aperte
1018 4123 1162 4202 significet
1176 4123 1387 4203 protectionem
1403 4121 1555 4202 Mytilenas

197 4251 223 4292 a.
240 4230 299 4292 731
324 4238 354 4290 et
380 4228 509 4291 reditum
531 4227 654 4290 Romam
686 4248 712 4289 a.
730 4227 801 4300 741,
824 4227 881 4288 hoc
902 4235 981 4288 certe
1002 4225 1049 4288 ius
1071 4226 1213 4306 Agrippae
1240 4226 1341 4288 datum
1364 4224 1445 4287 nullo
1468 4224 1557 4285 mado

200 4341 347 4395 mutatum
384 4340 445 4405 est,
481 4331 654 4410 videturque
690 4329 739 4391 hic
772 4348 889 4409 quoque
924 4337 1026 4390 auctor
1069 4329 1159 4389 bomo
1200 4327 1386 4408 provincialis
1427 4326 1557 4406 primum

199 4437 355 4498 adventum
371 4434 515 4515 Agrippae
536 4434 568 4494 in
584 4433 735 4495 Orientem
760 4440 789 4494 et
810 4441 995 4512 postremum
1018 4430 1145 4492 reditum
1169 4429 1337 4492 contudisse
1359 4448 1427 4490 cum
1450 4429 1558 4492 linibus

198 4539 271 4600 ioris
294 4539 321 4600 ei
342 4537 503 4599 commissi.
547 4537 648 4616 ltaque
671 4553 739 4597 cum
762 4533 946 4614 aliquatenus
968 4533 1037 4594 inde
1064 4534 1271 4607 confirmetur,
1301 4532 1380 4612 quod
1410 4541 1559 4612 praeterea

200 4641 421 4703 confirmatione
444 4657 504 4700 oon
527 4648 600 4719 eget,
623 4637 670 4700 ius
692 4637 954 4700 extraordinarium
977 4636 1008 4697 in
1031 4635 1194 4717 provincias
1209 4635 1352 4716 Agrippae
1375 4653 1558 4710 concessum,

200 4744 286 4806 idad
310 4752 423 4804 certum
448 4751 564 4821 tempus
587 4749 701 4804 certare
722 4743 785 4803 luca
807 4740 949 4820 Iosephus
971 4748 1005 4801 ut
1026 4738 1205 4818 restringere
1219 4737 1346 4799 voluisse
1361 4737 1485 4812 videtur,
1508 4738 1557 4814 ita,

202 4847 226 4908 si
248 4845 348 4919 voluit,
372 4843 487 4906 erravit.
510 4877 552 4888 -
574 4845 685 4907 Eodem
707 4844 833 4906 redeunt
855 4844 944 4906 relata
966 4842 997 4904 in
1020 4842 1173 4906 annalibus
1188 4843 1240 4922 qui
1255 4849 1417 4922 supersunt
1432 4841 1558 4903 maxime

1347 4939 1401 4996 11*
