3798 5584
376 427 417 491 68
962 425 1014 494 ΠΙ,
1033 428 1137 484 :es-39

359 567 541 667 *sufficerem
573 603 693 683 (ταῦτα
725 598 883 683 ἐλάχιστα
915 603 999 688 πρὸς
1030 628 1067 669 ro
1101 603 1233 690 πλῆθος
1264 607 1328 669 τῶν
1360 597 1628 687 ἀναλισκομένων
1660 600 1720 688 ἦν),

371 707 500 789 primum
533 707 672 788 vigesima
705 707 910 770 hereditatium
943 709 1078 772 instituta
1106 719 1165 785 est,
1199 729 1268 772 mox
1300 708 1396 772 addita
1429 707 1588 772 centesima
1620 727 1720 771 rerum

370 811 513 874 venalium
537 811 648 892 aliaque
670 810 774 874 similia
799 811 906 876 tributa
939 823 1134 895 sumptusque
1167 821 1315 895 praeterea
1346 811 1451 892 reliqui
1484 811 1591 893 publici
1623 812 1719 891 quoad

369 913 433 976 lieri
461 914 558 996 potuit
585 915 737 978 imminuti
765 915 829 992 (bio
852 918 902 990 55,
923 916 1058 979 23-26.
1082 917 1202 979 Sueton.
1217 918 1290 998 bug.
1307 917 1370 994 49).
1413 914 1501 978 edun
1526 914 1579 976 bio
1609 915 1720 977 aerario

369 1017 506 1081 instituto
527 1018 693 1098 Augustum
716 1037 845 1082 annuam
867 1019 1049 1112 largitionem
1078 1020 1109 1082 in
1140 1024 1274 1082 futurum
1304 1038 1421 1101 quoque
1448 1019 1479 1080 iu
1507 1037 1539 1080 se
1574 1018 1718 1099 recepisse

368 1120 437 1201 (sai
465 1120 562 1184 τοῦτο
590 1121 661 1183 κατ’
697 1119 767 1196 ἔτος
800 1119 938 1202 πράξειν
971 1115 1158 1202 ὑπέσχετο),
1192 1143 1265 1205 quas
1297 1122 1515 1186 numerationes
1547 1121 1597 1184 illa
1628 1140 1717 1201 quam

367 1226 596 1288 commentarius
612 1225 745 1288 enuntiat
756 1244 870 1288 summa
882 1245 942 1288 nou
954 1226 1172 1307 comprehendi,
1187 1228 1216 1289 id
1231 1227 1309 1308 quod
1325 1235 1407 1288 antea
1424 1225 1496 1288 mihi
1508 1243 1718 1306 persuaseram,

367 1338 445 1390 recte
468 1327 609 1408 Bergltius
632 1329 755 1393 monuit.
800 1330 901 1392 Potest
923 1340 1021 1393 umen
1049 1330 1165 1394 delendi
1192 1349 1294 1393 rerum
1321 1330 1484 1409 essequod
1506 1328 1635 1391 aldione
1657 1339 1719 1392 tra-

367 1432 455 1505 ditur,
485 1441 515 1494 et
547 1431 627 1494 siluit
648 1435 771 1495 fortasse
796 1433 945 1513 Augustus
979 1435 1015 1497 de
1047 1433 1248 1515 largitionibus
1281 1432 1492 1514 posterioribus
1530 1451 1598 1494 cum
1638 1432 1718 1512 quod

366 1534 495 1596 minores
518 1538 647 1608 luerunt,
669 1545 734 1598 tum
755 1546 909 1617 propterea
930 1538 1018 1616 quod,
1042 1557 1110 1600 oum
1131 1557 1219 1619 penes
1235 1555 1303 1599 eum
1322 1535 1425 1598 aerarii
1440 1535 1575 1598 militaris
1590 1535 1718 1597 admini-

366 1637 468 1700 stratio
494 1651 580 1712 esset,
612 1639 683 1720 quid
710 1639 746 1701 de
772 1659 827 1702 suo
853 1641 1010 1720 quotannis
1037 1640 1163 1703 adiceret
1190 1640 1215 1702 si
1241 1640 1430 1715 enuntiasset
1462 1640 1492 1702 id
1526 1639 1562 1701 ad
1589 1639 1718 1701 rationes

365 1740 479 1822 publice
500 1742 661 1806 reddendas
684 1763 775 1825 prope
797 1743 976 1806 accessisset

464 1845 498 1907 In
521 1845 692 1910 universum
715 1856 748 1909 ut
762 1846 945 1928 aliquatenus
960 1848 1153 1928 intellegatur,
1176 1846 1246 1928 quid
1262 1848 1292 1909 in
1307 1867 1339 1910 re
1354 1845 1471 1908 militari
1485 1845 1717 1908 administranda

364 1956 393 2010 et
414 1949 542 2011 maxime
564 1951 595 2012 in
619 1950 747 2014 exercitu
769 1951 877 2014 civium
900 1951 1101 2014 Romanorum
1124 1951 1329 2014 constituendo
1356 1960 1386 2012 et
1412 1949 1544 2030 augendo
1565 1949 1716 2030 Augustus

364 2049 420 2113 sibi
442 2055 629 2133 proposuerit
650 2055 869 2136 perieoeritque,
891 2074 952 2117 non
974 2056 1026 2118 abs
1048 2075 1080 2118 re
1101 2055 1198 2116 risum
1220 2064 1266 2117 est
1292 2055 1349 2115 hoc
1376 2054 1440 2116 loco
1468 2053 1598 2115 inserere
1625 2052 1716 2116 later-

363 2154 463 2215 culum
497 2155 659 2234 legiouum,
692 2177 766 2237 quae
798 2159 936 2220 extremis
965 2159 1050 2221 annis
1078 2158 1202 2238 Augusti
1234 2160 1366 2230 luerunt,
1400 2156 1495 2220 addita
1528 2157 1559 2218 in
1593 2157 1715 2236 singulis

363 2256 493 2337 originis,
523 2257 574 2322 ubi
601 2260 664 2323 fieri
696 2261 800 2344 potuit,
829 2272 858 2325 et
884 2262 1021 2324 interitus
1048 2261 1144 2342 aliqua
1170 2261 1355 2335 indicatione,
1382 2260 1453 2324 item
1480 2261 1654 2341 provinciae,
1683 2259 1715 2322 in

363 2379 419 2442 qua
449 2360 580 2444 primum
609 2374 703 2428 castra
729 2385 861 2446 quaeque
887 2365 1026 2428 habuisse
1054 2364 1217 2440 invenitur3
1249 2382 1427 2445 quamquam
1461 2365 1536 2426 banc
1563 2364 1713 2444 legionum

361 2483 415 2545 per
437 2466 601 2547 provincias
623 2468 844 2548 dispositionem
867 2487 927 2532 non
949 2478 1010 2531 tam
1032 2469 1126 2550 ipsam
1150 2469 1284 2530 traditam
1307 2467 1459 2541 babemus,
1482 2485 1570 2547 quam
1586 2467 1713 2528 maxime

362 2567 397 2629 ad
420 2588 494 2644 eam,
517 2590 605 2650 quam
628 2570 664 2634 ad
685 2590 796 2634 annum
819 2592 847 2654 p.
864 2571 951 2634 (123
974 2571 1095 2653 exponit
1108 2570 1225 2634 Tacitus
1240 2571 1322 2650 (ann.
1338 2573 1367 2646 4,
1383 2571 1447 2652 23),
1470 2572 1637 2635 coniectura
1658 2572 1713 2634 ad-

361 2673 545 2736 umbramus.
591 2674 776 2738 Laterculum
792 2675 885 2738 Taciti
904 2676 1043 2756 quoniam
1059 2674 1217 2738 enchiridia
1232 2673 1302 2736 satis
1318 2674 1471 2754 explicant,
1493 2675 1525 2737 in
1541 2675 1712 2738 universum

360 2776 397 2840 ad
419 2797 452 2839 ea
473 2777 652 2841 remittimus
675 2798 771 2858 nequo
793 2779 824 2842 in
845 2779 923 2842 notis
950 2779 1115 2842 addidimus
1140 2777 1198 2840 nisi
1224 2797 1298 2858 quae
1327 2796 1396 2841 cum
1424 2779 1459 2841 ad
1486 2788 1618 2842 nostram
1647 2799 1712 2842 rem

361 2877 468 2944 iaciant
490 2881 531 2944 ibi
554 2882 670 2946 desunt.

1437 3091 1527 3140 sneml

289 3173 297 3207 s
361 3155 651 3226 (posteeGermeniee)¹)
679 3158 706 3208 in
725 3156 860 3210 Germania
878 3155 1001 3209 inferiore
1069 3193 1375 3208 ........
1420 3173 1469 3207 non
1479 3164 1634 3210 memoretur
1643 3168 1703 3225 post
1711 3177 1735 3211 e.
1746 3162 1809 3228 pc.
1822 3165 1855 3212 to

245 3225 261 3276 2
288 3241 306 3276 ιι
360 3228 506 3290 Anguste.
541 3265 548 3278 .
584 3264 591 3278 .
628 3265 634 3278 .
679 3226 705 3276 in
724 3225 860 3277 Germenie
877 3226 1011 3292 superiore
1067 3260 1374 3276 ........
1420 3224 1545 3292 superfuit
1563 3235 1649 3278 estete
1667 3228 1756 3281 Dionis

245 3295 261 3345 3
288 3307 313 3344 ur
360 3295 503 3360 Auguste.
539 3331 545 3344 .
584 3332 591 3347 .
627 3333 633 3346 .
679 3293 704 3344 in
723 3293 812 3346 Africa
828 3331 1372 3347 .............
1420 3293 1548 3361 superfuit
1565 3303 1649 3347 eetete
1669 3296 1760 3349 Bionis

244 3363 313 3413 diu
362 3361 461 3414 Gellice
499 3402 505 3412 .
541 3401 548 3415 .
584 3402 591 3415 .
626 3401 633 3416 .
678 3363 704 3413 in
721 3361 824 3431 Syrin¹l
868 3401 876 3415 .
911 3401 917 3413 .
954 3400 961 3413 .
998 3400 1004 3413 .
1050 3359 1391 3413 interfuitbellolll.stntonii
1420 3361 1546 3430 superfuit
1563 3372 1648 3417 estete
1668 3365 1759 3417 Dionis

662 3457 666 3562 p
1066 3427 1185 3481 Parthico
1203 3427 1273 3495 (Teo.
1288 3430 1349 3482 bist.
1368 3431 1393 3494 ³,

247 3090 259 3141 l
272 3021 330 3199 pss)
375 3058 636 3075 .......
682 3021 707 3071 in
727 3018 863 3072 Germanis
880 3017 1002 3071 inferiore
1069 3057 1374 3071 ........
1421 3021 1762 3088 eneuetomtepoeteledeur
1770 3025 1854 3078 Veri·

268 3667 287 3724 ¹)
301 3667 421 3723 Legionem
429 3667 521 3722 primun
527 3667 616 3710 Meus
623 3668 747 3721 (enubit)
755 3667 833 3710 scribit
839 3667 1018 3723 eignss'l'lberln
1030 3670 1033 3744 Ι
1045 3673 1104 3710 cene
1121 3671 1201 3718 qnute
1214 3666 1256 3708 ille
1269 3665 1327 3720 legio
1341 3667 1441 3709 nonfuit
1454 3680 1481 3710 os
1494 3667 1587 3718 dnebue,
1603 3666 1684 3721 quibus
1698 3669 1724 3711 L.
1733 3671 1857 3724 Asprenss

226 3739 342 3794 sucepisse,
355 3751 396 3783 nee
409 3744 468 3784 recte
483 3739 537 3783 oliuu
551 3738 648 3794 sogitsri
658 3739 685 3781 de
694 3739 808 3794 signorum
817 3739 946 3782 emissorum
955 3738 1018 3782 resti-
1044 3744 1146 3792 psseerst
1160 3737 1257 3790 (reita,
1271 3739 1327 3789 120).
1350 3736 1395 3780 Sed
1409 3751 1459 3781 enen
1473 3751 1501 3781 uo
1515 3738 1556 3782 leon
1574 3737 1663 3792 quiden
1684 3739 1747 3782 nobis
1771 3749 1857 3784 notun

226 3809 311 3852 tutione
332 3823 381 3853 enin
402 3809 464 3853 slede
484 3810 587 3853 Lolliene
611 3823 630 3852 s.
646 3811 687 3854 tte
708 3809 781 3864 eliqno
802 3809 866 3852 modo
890 3810 1017 3860 ooninnete;
1044 3809 1074 3850 eit
1087 3815 1141 3862 quet
1158 3809 1257 3864 legiones
1271 3820 1297 3851 eo
1314 3814 1413 3863 tempore
1433 3811 1457 3851 iu
1478 3810 1596 3853 Germenis
1615 3811 1769 3862 constiterint,
1793 3813 1858 3868 quod

225 3880 292 3924 inuno
317 3882 393 3937 regeri
413 3894 456 3924 non
476 3887 551 3936 potest
572 3881 684 3937 legionem
701 3881 794 3934 prinnsnu
812 3880 840 3923 sd
860 3877 1018 3935 Veepeslsnnsn
1044 3881 1157 3934 posuimus
1171 3881 1262 3924 fortusse
1276 3881 1365 3923 tolerari
1379 3883 1467 3936 poterit

226 3964 295 4005 nsque
315 3951 339 3994 in
360 3952 478 3995 Germanis
498 3953 603 3995 interiore
623 3951 752 3996 uadentem
774 3952 826 3995 bine
848 3957 947 3995 constare
968 3964 1018 3994 oon·
1086 3955 1105 4000 ²)
1120 3950 1196 4004 Syrtes
1205 3951 1342 4004 prsesedieee
1357 3961 1403 3996 tres
1417 3952 1517 4008 legiones
1533 3967 1571 4009 per
1585 3969 1603 3996 s
1618 3967 1639 3998 u.
1653 3967 1673 3999 c.
1687 3957 1804 4000 rso-rso
1821 3957 1859 3999 lo-

225 4023 330 4077 scriptsnn
344 4037 392 4067 eese
406 4029 493 4068 sessore
503 4023 591 4066 'liberio
605 4029 656 4078 post
669 4024 753 4068 olsdorn
763 4023 886 4067 Verienssn.
912 4025 1018 4065 Attamen
1044 4021 1125 4076 sophus
1139 4027 1192 4072 (eut.
1202 4026 1234 4072 11,
1243 4026 1275 4070 10,
1284 4027 1309 4073 05
1328 4023 1380 4066 bell.
1389 4023 1438 4067 snt
1446 4027 1466 4074 1,
1475 4029 1495 4073 e,
1504 4028 1526 4078 1)
1540 4031 1617 4069 suntor
1636 4031 1685 4077 est,
1705 4032 1824 4080 questus:
1838 4043 1859 4070 ι

225 4093 284 4147 qnod
303 4100 351 4136 tnrn
367 4108 403 4138 ms
421 4095 500 4145 morit,
520 4093 544 4137 id
557 4107 616 4138 unns
628 4106 717 4150 quoqne
730 4101 810 4146 rueret,
823 4107 903 4149 nempe
917 4093 944 4137 eb
958 4107 1019 4138 sues·-
1044 4095 1071 4135 28
1080 4091 1296 4148 p.0.'1⁴soitus(snn.
1305 4099 1325 4144 t,
1335 4096 1381 4147 tela
1395 4095 1455 4138 hune
1464 4109 1580 4138 nnmerum
1590 4095 1618 4138 ed
1627 4101 1737 4139 utresnos
1747 4100 1859 4153 Augusti

224 4165 281 4216 dtu,
295 4166 334 4218 qni
345 4171 458 4220 psseteees
475 4165 587 4220 legionum
599 4179 701 4210 numeros
715 4166 837 4210 seecnndo
850 4167 878 4208 sd
892 4166 1018 4209 vicesimum
1045 4175 1112 4206 snnos
1126 4165 1237 4216 pertinere
1259 4165 1386 4210 verisimile.
1413 4167 1447 4208 Ex
1466 4172 1572 4220 qusttnor
1585 4167 1620 4210 his
1641 4168 1773 4222 legionibus
1798 4174 1859 4214 dnus

224 4235 1017 4292 plenosheberet,prinusmsbessenonpotuiese,neqnesfnitebexereitn
1044 4233 1133 4277 'l'soitus
1153 4236 1252 4278 nominet
1265 4235 1295 4278 VI
1315 4237 1421 4281 ferretum
1443 4239 1503 4291 (sun.
1513 4243 1532 4288 1,
1542 4241 1568 4283 '10
1582 4238 1610 4281 sd
1623 4243 1690 4292 ult)
1708 4247 1733 4283 et
1750 4241 1776 4283 X
1798 4243 1860 4287 Pn-

224 4307 362 4358 [Antonii
377 4319 507 4360 quemquem
516 4319 597 4361 psum
611 4313 697 4351 tentum
711 4321 812 4351 nummos
825 4309 922 4362 reliquit
940 4307 1017 4361 lisque
1043 4309 1129 4348 teuscus
1149 4307 1208 4360 (sun.
1218 4311 1237 4356 1,
1246 4309 1272 4352 ti
1291 4307 1319 4350 sd
1332 4311 1402 4361 stt).
1437 4308 1544 4362 Reliquus
1563 4309 1654 4353 dnbinus
1674 4325 1720 4354 non
1739 4319 1782 4355 eet
1805 4329 1859 4358 esse

225 4383 250 4420 nt
263 4377 345 4432 primse
358 4377 445 4430 legioni
457 4377 524 4420 eduin
532 4383 583 4421 ente
593 4377 678 4422 eludens
687 4379 805 4422 Veriensm
814 4379 876 4422 locus
884 4379 1017 4428 invadetur,
1043 4377 1102 4419 iuter
1124 4377 1177 4420 illes
1200 4383 1304 4430 qnettnor
1325 4377 1439 4434 legiones,
1461 4392 1519 4433 quse
1541 4381 1628 4434 Syrien
1649 4387 1778 4426 uouemus
1804 4399 1861 4430 eun

223 4450 315 4493 fortusse
329 4449 386 4491 suuni
401 4451 473 4502 potest
494 4460 546 4492 unu
565 4449 650 4494 eledoru
670 4449 698 4492 sd
717 4457 821 4504 qmttnor
841 4450 953 4504 legiones,
972 4461 1017 4492 non
1043 4447 1129 4492 bellurn
1142 4455 1218 4494 sontes
1231 4450 1324 4494 Pertboe
1338 4465 1357 4493 s.
1370 4455 1397 4494 tt
1411 4451 1599 4508 exereitt'l'settns
1613 4465 1664 4495 eun.
1673 4458 1708 4504 1³,
1717 4456 1752 4506 lt
1770 4459 1862 4502 wude

224 4519 368 4573 sequsbiliter
387 4523 463 4562 tsrnsn
481 4520 627 4574 pertinuisse,
644 4527 671 4562 nt
688 4525 733 4564 tres
751 4520 879 4571 inurirent,
899 4525 976 4574 qnerts
989 4519 1016 4562 ob
1042 4518 1097 4562 bens
1117 4520 1176 4564 enirn
1196 4521 1228 4564 ibi
1246 4527 1301 4566 sbti
1322 4523 1422 4578 legiones
1443 4523 1550 4578 quinque,
1570 4523 1658 4568 scilieet
1677 4529 1772 4579 praeter
1797 4529 1861 4572 du.

222 4591 297 4636 nucio
310 4604 375 4645 quern
388 4589 467 4645 onlpse
480 4597 504 4634 et
517 4591 587 4635 cledis
600 4593 774 4636 communionem
787 4593 820 4635 ite
832 4595 1016 4639 enuetoreresnr,
1042 4601 1108 4644 snpra
1127 4593 1252 4635 nominetes
1272 4593 1306 4634 111
1326 4593 1413 4636 Gallice
1433 4593 1530 4647 (Tseltns
1551 4599 1700 4646 enn.18,⁴u.
1714 4601 1753 4646 ts,
1769 4603 1795 4643 ο.
1812 4604 1862 4652 κ),

223 4667 248 4704 nt
261 4663 336 4705 stetim
349 4661 505 4706 restitueretur
518 4675 609 4706 numero
618 4668 712 4714 manto,
726 4662 829 4707 similiter
838 4667 864 4705 nt
869 4661 1016 4716 Veepssienus
1042 4659 1073 4700 IV
1082 4659 1185 4714 Scythias
1198 4662 1297 4716 (Tseitns
1309 4668 1342 4714 1⁶.
1355 4667 1374 4707 e.
1386 4668 1405 4708 t.
1416 4665 1462 4716 tt),
1480 4664 1523 4706 ΧΠ
1535 4664 1653 4708 lutumst·
1666 4666 1770 4721 (fecitne
1788 4676 1830 4722 us,
1840 4678 1863 4716 a

222 4734 370 4777 muctorstie
386 4733 512 4787 legionibus
524 4733 556 4776 IV
570 4733 723 4776 llscedonioss
741 4739 765 4776 et
782 4733 834 4775 XVI
851 4732 948 4776 Gellioee
966 4731 1017 4775 snb·
1043 4733 1090 4785 tt),
1108 4733 1132 4775 in
1145 4733 1180 4777 bis
1194 4739 1268 4778 sutem
1281 4747 1325 4777 uns
1339 4736 1383 4778 fnit
1396 4749 1422 4779 ex
1435 4735 1552 4780 Gemsuis
1570 4736 1598 4780 sd
1616 4736 1641 4779 id
1661 4738 1736 4793 ipsun
1757 4740 1861 4786 beu„

222 4805 297 4848 stituit
309 4805 341 4848 1v
358 4809 382 4849 et
394 4803 445 4847 XVI
463 4805 558 4849 Illeeiss.
585 4804 667 4848 Vernus
679 4809 714 4848 est
730 4805 790 4848 iuter
803 4817 829 4848 ee
841 4816 898 4858 queo
912 4803 940 4848 ds
953 4803 1016 4847 slede
1042 4803 1066 4845 iu
1086 4803 1172 4858 syrten
1191 4805 1258 4850 nnlses
1278 4807 1378 4860 (l'seitne
1398 4811 1499 4859 enn.1t,
1513 4809 1556 4860 86).
1585 4809 1619 4850 Ee
1639 4821 1748 4863 quanm
1770 4814 1863 4864 fuerin

221 4875 263 4918 ille
276 4875 357 4918 tredits
369 4875 474 4921 hebenus
488 4876 545 4920 nibil
557 4875 660 4930 reperiri,
681 4874 741 4929 qnod
759 4876 803 4920 bno
823 4881 884 4919 reete
905 4875 1014 4926 nebeten
1043 4877 1167 4928 quaeritur,
1189 4889 1230 4921 neo
1247 4877 1312 4922 fsoile
1333 4877 1562 4934 quaestuariae
1576 4885 1663 4936 potest,
1684 4893 1736 4924 sues
1757 4885 1863 4932 nullius
