3812 5580
708 408 865 467 strutus
883 409 1107 468 TIBVRTINVS
1524 419 1585 480 167

231 607 284 669 per
310 606 335 649 a.
358 591 429 651 751.
453 588 525 650 752.
568 587 643 650 Nam
666 608 734 650 curn
757 589 877 652 solitum
899 591 1052 670 legationis
1075 599 1193 671 tempus
1217 591 1376 654 triennium
1398 592 1496 667 fuerit,
1518 593 1587 655 reli·

231 690 282 770 qui
300 691 341 752 ita
355 711 418 754 sese
434 691 592 772 excipiunt,
616 700 649 753 ut
664 691 780 754 difficile
795 693 922 772 aliquem
944 693 1041 755 ordini
1062 695 1247 774 interponas,
1268 705 1298 757 et
1319 714 1499 775 quamquam
1523 695 1587 756 fleri

231 813 301 856 saue
323 803 428 875 potest,
460 804 493 857 ut
519 794 659 857 exciderit
680 814 758 857 unus
781 797 889 858 alterve
910 797 1021 876 legatus
1043 797 1306 860 administrationis
1328 777 1413 860 solita
1435 798 1586 872 brevioris,

230 897 277 958 vix
310 898 445 960 credibile
477 907 524 959 est
556 899 691 960 neutrius
724 899 986 963 administrationis
1018 901 1104 979 legati
1143 900 1222 964 tituli
1257 901 1404 963 Tiburtini
1437 910 1587 982 praeterea

233 999 406 1061 memoriam
434 1001 524 1062 ullam
553 1020 707 1082 superesse
736 1012 766 1064 et
795 1021 904 1065 nomen
931 1002 1063 1066 eiusdem
1094 1003 1148 1065 siri
1174 1004 1205 1065 in
1231 1004 1371 1066 laterculo
1396 1003 1446 1066 illo
1473 1003 1587 1067 duobus

231 1102 302 1164 locis
330 1103 497 1165 desiderari.
542 1104 637 1177 Quam
661 1105 698 1167 ob
720 1125 783 1168 rem
807 1106 923 1169 videtur
944 1107 969 1168 is
992 1109 1027 1169 de
1049 1127 1108 1187 quo
1131 1108 1228 1186 agitur
1250 1115 1279 1169 et
1298 1106 1377 1168 inter
1392 1125 1442 1168 eos
1458 1125 1585 1186 quorum

230 1206 351 1267 nomina
372 1207 528 1287 posuimus
550 1205 736 1287 quaerendus
758 1223 822 1266 esse
845 1217 875 1267 et
895 1206 1016 1266 alteram
1034 1213 1130 1267 utram
1145 1205 1321 1284 legationem
1337 1203 1586 1267 administravisse

230 1327 255 1369 c.
271 1327 296 1370 a.
313 1310 384 1370 751.
407 1344 449 1354 -
475 1311 519 1371 lix
548 1329 634 1390 supra
667 1307 826 1371 nominatis
852 1319 969 1388 praeter
990 1308 1166 1383 Varronem,
1193 1326 1282 1388 quem
1309 1308 1439 1388 legatum
1460 1308 1586 1388 Augusti

230 1411 321 1474 fuisse
342 1413 523 1492 negavimus,
547 1421 580 1474 ut
599 1411 779 1492 antiquiores
793 1411 834 1472 ita
850 1411 1020 1474 Ciceronem
1036 1431 1153 1492 quoque
1169 1420 1198 1473 et
1213 1411 1324 1474 'fitium
1340 1413 1443 1474 aetatis
1458 1411 1586 1474 rationes

229 1514 398 1588 excludunt,
432 1534 506 1594 quae
540 1515 587 1576 vin
613 1514 767 1596 patiuntur
789 1532 891 1576 eorum
915 1533 1094 1595 quemquam
1117 1535 1143 1575 a.
1167 1515 1228 1577 767
1251 1514 1338 1576 etiam
1365 1523 1427 1576 lum
1455 1514 1486 1575 in
1513 1514 1586 1576 vivis

229 1617 328 1691 fuisse,
361 1618 486 1679 maxime
515 1636 584 1680 cum
605 1618 632 1680 is
654 1636 742 1697 quem
765 1616 935 1696 quaerimus
957 1617 1003 1678 bis
1027 1617 1126 1698 Syriae
1148 1617 1307 1699 praefuerit
1332 1613 1431 1697 itaque
1461 1625 1587 1697 utraque

228 1720 344 1801 legatio,
374 1731 407 1784 ut
435 1721 542 1783 borum
571 1721 655 1783 alteri
688 1720 747 1782 utri
780 1720 875 1795 detur,
908 1728 977 1781 ante
1003 1739 1029 1782 a.
1053 1720 1112 1782 731
1138 1720 1306 1782 collocanda
1339 1720 1386 1794 sit,
1420 1720 1478 1782 nisi
1511 1722 1586 1781 forte

230 1823 286 1885 boc
315 1822 402 1904 ponis
436 1823 571 1903 ignotum
599 1823 684 1885 illum
710 1823 838 1903 legatum
865 1822 997 1903 primum
1026 1833 1093 1884 ante
1120 1843 1145 1885 a.
1169 1822 1241 1895 731,
1263 1821 1368 1884 deinde
1389 1841 1443 1903 per
1464 1842 1489 1885 a.
1514 1823 1586 1884 751.

229 1926 291 1987 752
313 1926 413 2008 Syriae
436 1926 606 2007 praefuisse.
650 1927 684 1988 ln
706 1925 845 1988 Cicerone
867 1925 987 1999 accedit,
1010 1927 1088 2006 quod
1110 1945 1127 1988 a
1148 1925 1251 1987 bellica
1273 1925 1358 1988 laude
1385 1945 1455 1987 eum
1477 1925 1586 1987 afuisse

229 2038 353 2091 constat.
399 2030 507 2092 Varum
531 2048 618 2091 nemo
639 2030 754 2110 ignorat
786 2030 926 2092 occidisse
949 2028 1013 2090 vivo
1036 2029 1185 2108 Augusto;
1207 2037 1357 2110 praeterea
1383 2047 1438 2109 pro
1466 2028 1586 2090 consule

227 2132 364 2206 Africam,
387 2151 448 2194 uon
469 2133 568 2194 Asiam
590 2133 666 2195 rexit
686 2131 838 2212 (Borghesi
861 2151 928 2212 opp.
947 2134 974 2206 1,
997 2131 1082 2212 301).
1126 2133 1276 2195 Volusium
1299 2131 1490 2194 Saturninum
1514 2133 1585 2194 item

228 2243 343 2297 constat
364 2255 418 2316 pro
441 2237 561 2298 consule
583 2235 710 2298 Africam
738 2234 960 2298 administrasse
982 2236 1134 2315 (Borghesi
1156 2236 1175 2297 l.
1192 2254 1217 2297 c.
1232 2255 1261 2316 p.
1278 2235 1340 2296 312
1356 2235 1424 2314 ιιι).
1469 2235 1586 2298 Silanus

228 2357 296 2398 cum
320 2338 420 2418 Syriae
442 2347 658 2419 postmortem
680 2339 805 2419 Augusti
831 2357 967 2420 praeesse
993 2358 1053 2400 non
1075 2338 1203 2412 desierit,
1233 2339 1374 2401 dicendus
1396 2339 1453 2401 fuit
1473 2339 1586 2418 legatus

227 2459 288 2501 non
310 2440 370 2502 disi
391 2441 526 2521 Augusti,
549 2441 602 2503 sed
624 2441 683 2504 divi
704 2442 828 2522 Augusti
855 2451 885 2504 et
906 2441 950 2503 Ti.
973 2440 1104 2504 Caesaris
1126 2441 1261 2520 Augusti.
1284 2477 1325 2486 -
1347 2442 1385 2503 Et
1412 2441 1447 2504 ad
1478 2441 1584 2502 horum

227 2542 346 2622 quidem
374 2544 488 2606 nullum
520 2544 640 2607 tittdum
662 2545 698 2606 de
719 2564 778 2624 quo
801 2545 915 2625 agimus
948 2553 1080 2625 spectaro
1107 2563 1211 2605 omnes
1239 2544 1443 2619 consentiunt3
1472 2553 1587 2606 restant

228 2655 297 2720 tres,
320 2646 371 2726 qui
392 2655 532 2727 patronos
554 2649 632 2710 nacti
655 2655 734 2720 sunt,
758 2648 796 2708 di.
811 2647 947 2728 Agrippa,
969 2647 1000 2709 C.
1018 2647 1138 2709 Sentius
1161 2646 1349 2722 Saturninus,
1378 2647 1411 2708 P.
1436 2647 1584 2727 Sulpicius

227 2748 387 2821 Quirinius.
410 2750 519 2812 -Ad
540 2751 697 2832 Agrippam
726 2750 845 2813 titulum
875 2750 990 2813 rettulit
1011 2749 1179 2812 Huschtius
1202 2749 1286 2829 <oter
1315 2751 1370 2811 dea
1394 2748 1500 2811 Cunus
1528 2767 1586 2811 zur

226 2853 286 2915 Zeit
306 2853 357 2914 der
381 2851 488 2916 Gebnrt
508 2854 579 2916 Jesu
602 2853 708 2920 tbrasti
726 2875 755 2934 p.
771 2853 812 2916 65
828 2854 896 2933 sq),
919 2854 969 2915 sed
992 2852 1129 2916 refutavit
1151 2863 1353 2914 commentum
1365 2851 1446 2913 nullo
1468 2851 1584 2932 negotio

227 2955 405 3034 Borghesius
433 2956 524 3037 (apud
554 2957 723 3018 lienzenum
747 2975 776 3018 n.
794 2955 877 3019 5366
894 2986 930 3010 =
947 2975 1015 3036 opp.
1032 2955 1061 3030 8,
1075 2955 1191 3034 12θιιι
1215 2954 1276 3016 493
1299 2955 1376 3035 sq.);
1409 2955 1520 3018 scilicet
1552 2966 1586 3018 ut

226 3057 281 3120 alia
307 3057 440 3134 mittam,
473 3058 599 3140 Agrippa
633 3077 795 3140 numquam
826 3077 881 3139 pro
913 3059 1033 3121 consule
1071 3058 1170 3120 Asiam
1208 3057 1424 3120 administravit
1455 3067 1486 3120 et
1517 3068 1584 3121 ante

225 3161 392 3242 Augustum
403 3171 540 3224 mortuus
552 3172 612 3237 est;
626 3162 655 3224 id
668 3181 745 3236 vero,
761 3183 820 3244 quo
832 3164 964 3242 confugit
975 3161 1151 3236 Huscbkius,
1169 3161 1287 3223 titulum
1299 3161 1443 3243 Agrippae
1454 3162 1584 3242 positum
1620 3239 1632 3255 ᾳ

225 3281 290 3325 esse
304 3267 468 3345 imperante
479 3266 503 3326 T
504 3265 607 3339 iberio,
630 3284 726 3345 neque
741 3267 801 3328 ullo
815 3267 948 3348 exemplo
964 3265 1130 3328 defenditur
1145 3274 1175 3327 et
1189 3283 1224 3326 eo
1239 3264 1324 3346 plane
1339 3266 1488 3339 evertitur,
1505 3266 1584 3345 quod

226 3384 357 3428 marmor
379 3367 568 3430 Tiburtinum
591 3376 652 3429 mm
674 3377 795 3450 propter
820 3370 929 3443 locum,
957 3369 989 3430 in
1016 3388 1076 3448 quo
1101 3367 1256 3428 intentum
1279 3377 1331 3441 est,
1354 3386 1442 3447 quam
1465 3377 1586 3448 propter

226 3469 360 3532 habitum
376 3479 530 3532 externum
547 3470 610 3532 sine
627 3471 685 3533 ullo
701 3471 789 3534 dubio
804 3473 932 3551 elogium
948 3471 1004 3535 fuit
1018 3471 1153 3552 sepulcri.
1166 3503 1209 3516 —
1221 3471 1415 3533 Saturninum
1431 3471 1586 3552 proposuit

226 3572 341 3653 primus
363 3574 567 3654 Bergmannus
590 3573 681 3654 (apud
703 3575 887 3637 Gerhardnm
903 3574 1034 3638 Arcbdol.
1050 3574 1189 3653 Anaeiqer
1202 3594 1228 3635 a.
1248 3573 1465 3653 suseptae)
1488 3574 1584 3655 primo

225 3675 305 3754 quod
319 3694 401 3738 nunc
415 3687 461 3739 est
475 3677 554 3739 tituli
568 3677 709 3739 vocabulo
725 3677 829 3740 mutilo
841 3678 1027 3740 Germaniam
1044 3687 1125 3740 ratus
1138 3677 1298 3751 nominari;
1314 3695 1403 3757 quam
1415 3676 1584 3758 opinionem

225 3797 293 3840 cum
311 3797 380 3841 mox
394 3779 457 3860 ipse
472 3780 633 3856 abiecisset,
650 3781 686 3841 de
701 3781 825 3842 lectione
841 3781 918 3843 tituli
933 3781 1055 3843 edoctus
1070 3780 1191 3854 veriora,
1207 3798 1270 3842 eam
1288 3780 1417 3860 suscepit
1429 3779 1584 3861 Zumptius

225 3900 280 3944 nec
301 3883 403 3963 paucis
425 3903 489 3945 eam
504 3882 662 3964 explicavit
684 3889 804 3958 (comm.
820 3884 969 3964 epigrapb.
993 3882 1185 3962 2,122sq.).
1207 3917 1251 3928 -
1273 3884 1382 3946 Contra
1405 3883 1456 3963 qui
1471 3883 1585 3963 primus

226 3986 262 4047 dc
285 3985 369 4047 titulo
392 3985 546 4066 diligenter
579 3987 637 4067 egit
661 3987 894 4048 Sanclementius
928 4005 996 4049 eum
1031 4005 1184 4067 superesse
1215 3986 1289 4048 dixit
1322 4005 1357 4047 ex
1390 3993 1585 4047 monumento

224 4087 256 4150 P.
281 4088 402 4169 Sulpicii
425 4089 553 4162 Quirinii
577 4091 607 4165 tl.
624 4109 648 4152 c.
672 4089 792 4170 palat
816 4108 939 4168 eantque
969 4089 1177 4151 Sanclementii
1206 4089 1375 4169 opinionem
1405 4088 1457 4168 qui
1483 4098 1584 4168 postea

225 4191 255 4252 in
288 4210 353 4252 eam
386 4211 449 4254 rem
483 4192 700 4272 inquisiverunt
733 4192 830 4254 idonei
862 4201 997 4253 auctores
1020 4211 1088 4254 cum
1122 4192 1169 4253 alii
1200 4201 1264 4254 tum
1287 4191 1466 4270 Borghesius
1489 4191 1519 4268 (l.
1535 4191 1584 4270 c),

225 4292 380 4355 Hennenus
404 4293 438 4374 (l.
463 4297 512 4374 c),
534 4293 730 4375 Nipperdeius
753 4296 800 4368 (ad
826 4295 894 4355 Tac.
922 4313 991 4355 ann.
1017 4293 1047 4368 3,
1070 4293 1124 4370 48)
1147 4294 1279 4356 unanimi
1311 4311 1458 4356 consensu
1491 4294 1586 4356 secuti

226 4405 305 4458 sunt.
349 4396 450 4476 Neque
473 4416 526 4476 ego
548 4416 654 4460 novam
685 4409 714 4461 et
743 4397 925 4460 reconditam
956 4397 1120 4459 doctrinam
1148 4399 1281 4477 profero,
1312 4397 1363 4458 sed
1386 4395 1491 4458 iisdem
1515 4396 1584 4458 viris

226 4498 320 4561 doctis
353 4500 496 4562 adsensus
529 4500 656 4563 breviter
689 4501 898 4564 demonstrabo
930 4501 1061 4582 primum
1095 4499 1215 4562 titulum
1248 4501 1283 4562 ad
1311 4501 1342 4562 C.
1371 4500 1506 4562 Sentium
1530 4500 1585 4562 Sa-

226 4602 381 4664 turninum
397 4613 529 4683 spectare
551 4623 611 4666 non
633 4623 729 4686 posse,
752 4604 857 4665 deinde
878 4603 910 4665 in
932 4601 1066 4676 Quirinio
1088 4621 1149 4664 non
1172 4603 1267 4665 solum
1291 4603 1364 4664 nibil
1385 4602 1510 4676 obstare,
1533 4603 1584 4664 sed

226 4705 332 4767 indicia
354 4725 471 4786 quoque
494 4726 569 4787 quae
590 4727 679 4789 supra
702 4706 914 4780 recensuimus,
938 4704 1064 4767 maxime
1086 4705 1220 4767 omnium
1243 4705 1415 4788 primarium
1437 4704 1583 4786 duplicem
