3798 5584
346 461 389 525 48
943 453 981 522 Π,
999 457 1103 511 er-cr

447 635 663 714 Continuantur
691 636 778 698 modo
800 636 909 699 narrati
930 637 1057 698 honores
1079 653 1104 696 a.
1122 633 1192 695 735.
1226 633 1355 695 Eandem
1379 651 1457 708 rem,
1484 633 1568 695 aliter
1589 641 1698 708 minen,

347 750 448 804 narrat
468 741 521 803 Dio
544 743 593 814 54,
620 741 672 815 10,
702 741 812 804 scilicet
838 749 971 803 senatum
1002 748 1122 822 propter
1151 736 1339 800 comitiorum
1367 735 1565 798 consularium
1597 736 1699 799 turbas

346 846 456 926 legatos
478 845 595 907 misisse
617 845 653 906 ad
668 845 833 924 Augustum
857 863 924 905 cum
946 842 1023 904 binis
1050 842 1201 906 lictoribus
1223 841 1363 922 singulos,
1385 859 1478 904 unum
1502 860 1538 902 ex
1559 839 1605 902 his
1626 840 1699 921 ipsis

346 949 447 1029 legatis
469 949 504 1023 Q.
528 948 696 1011 Lucretium
726 949 763 1010 ab
784 948 916 1028 Augusto
945 947 1096 1009 consulem
1128 946 1239 1008 dictum
1269 965 1343 1008 esse.
1393 945 1466 1007 Nam
1495 945 1574 1024 quod
1597 943 1700 1006 statuit

346 1051 488 1132 Bergltius
510 1052 684 1132 legationem
705 1072 721 1113 a
744 1051 836 1113 llione
858 1060 1049 1112 memoratam
1073 1050 1216 1112 diversam
1240 1069 1304 1112 esse
1326 1050 1363 1111 ab
1385 1069 1426 1124 ea,
1450 1051 1534 1113 cuius
1556 1050 1589 1112 in
1604 1049 1699 1112 indice

344 1155 496 1235 Augustus
528 1156 678 1228 meminit,
708 1156 784 1217 hanc
809 1166 908 1217 autem
931 1154 1077 1236 pertinere
1099 1154 1134 1215 ad
1157 1153 1356 1216 narrationem
1379 1173 1453 1233 quae
1475 1155 1552 1236 apud
1576 1154 1698 1216 Dionem

345 1260 492 1339 sequitur:
520 1255 594 1321 ἐπεὶ
624 1257 662 1320 δὲ
682 1307 689 1320 .
706 1304 738 1320 ..
760 1263 797 1320 αῖ
821 1281 856 1320 τε
884 1253 982 1336 ἀρχαὶ
1010 1255 1065 1320 καὶ
1093 1253 1126 1319 oi
1149 1254 1246 1320 ἄλλοι
1274 1257 1533 1340 προαπαντῆσαί
1562 1252 1594 1319 oi
1617 1277 1699 1335 προ-

346 1358 650 1444 παρεσκενάσαντο,
678 1358 801 1443 νύκτωρ
827 1357 860 1434 ἐς
881 1358 940 1442 τήν
961 1353 1064 1423 πόλιν
1085 1358 1304 1443 ἐσεκομίσθη,
1327 1361 1355 1422 id
1379 1360 1491 1422 nemini
1513 1360 1700 1442 persuadebit

345 1465 396 1545 qui
423 1466 538 1528 obviam
566 1465 687 1527 itionem
715 1464 876 1526 amicorum
905 1465 1040 1526 redeunti
1062 1465 1097 1526 ad
1120 1465 1225 1526 urbem
1249 1467 1297 1540 (cl.
1322 1464 1497 1526 Plutarchus
1519 1465 1626 1525 buton.
1645 1465 1699 1538 113

345 1568 403 1631 Cic.
420 1569 494 1630 Phil.
511 1569 539 1644 2,
556 1568 606 1642 32,
623 1568 675 1645 78)
698 1577 728 1629 et
749 1567 923 1647 legationem
952 1588 968 1629 a
997 1578 1101 1630 senatu
1124 1568 1245 1630 missam
1269 1577 1348 1630 recte
1376 1567 1556 1647 distinguere
1584 1567 1700 1642 didicit3

343 1673 390 1734 illa
422 1682 525 1755 sponte
555 1672 715 1752 suscipitur
741 1681 772 1734 et
798 1671 966 1753 siquando
998 1672 1033 1734 de
1061 1691 1094 1734 ea
1124 1681 1244 1734 senatus
1272 1671 1411 1744 decernit,
1435 1679 1471 1733 ut
1491 1672 1542 1733 liat
1564 1671 1700 1733 bortatur

344 1778 395 1858 (ci.
411 1777 464 1838 llio
486 1777 537 1851 51,
553 1778 595 1852 4),
623 1775 698 1838 hanc
723 1776 787 1838 lieri
808 1775 892 1837 iubet
912 1785 943 1837 et
963 1776 1014 1856 qui
1035 1795 1100 1838 eam
1124 1775 1286 1857 suscipiant
1308 1774 1416 1855 deligit.
1461 1774 1538 1848 Quid
1561 1773 1639 1855 quod
1661 1775 1698 1836 de

343 1880 390 1943 illa
412 1881 438 1943 si
460 1889 603 1960 ageretur,
626 1879 729 1941 collato
751 1879 872 1955 bonore,
895 1881 945 1960 qui
964 1881 1097 1959 Augusto
1120 1881 1255 1941 decretus
1286 1887 1331 1940 est
1360 1877 1473 1940 devicto
1495 1877 1638 1940 Antonio:
1666 1870 1700 1949 ἐς

342 1982 399 2067 τὴν
427 1980 528 2047 πόλιν
556 1978 680 2046 ἐσιόντι
709 1977 797 2068 αὐτῷ
823 1980 882 2057 τάς
907 2005 942 2045 σε
970 1979 1093 2066 ἱερείας
1114 1982 1172 2056 τὰς
1194 1979 1441 2065 ἀειπαρθένους
1463 1981 1518 2044 καὶ
1541 1980 1600 2064 τήν
1621 1983 1701 2063 βον-

343 2084 404 2170 lap
424 2085 482 2150 τόν
503 2109 538 2150 τε
560 2085 666 2170 δῆμον
686 2083 769 2170 μετά
790 2108 825 2149 τε
846 2087 911 2149 τῶν
932 2087 1095 2166 γυναικῶν
1117 2086 1173 2148 καὶ
1195 2084 1358 2169 μετὰτῶν
1372 2087 1494 2149 τέκνων
1509 2081 1700 2168 ἀπαντῆσαι

343 2189 491 2268 ἔγνωσαν
510 2190 575 2266 (llio
591 2192 641 2264 51,
660 2191 698 2252 19
720 2193 757 2252 ci.
773 2209 797 2252 c.
814 2191 856 2266 4),
878 2190 960 2252 nullo
982 2191 1071 2252 modo
1094 2199 1214 2252 senatus
1236 2209 1261 2251 a.
1279 2189 1340 2250 735
1363 2199 1476 2269 partem
1500 2199 1615 2252 tantum
1635 2208 1700 2250 ma-

343 2294 519 2373 gistratuum
547 2294 662 2356 ebriam
693 2293 720 2354 ei
746 2294 862 2356 mittere
891 2294 1045 2376 potuisset.
1090 2294 1185 2356 lmmo
1211 2311 1312 2355 rerum
1335 2293 1536 2355 Romanarum
1559 2312 1619 2355 non
1641 2294 1700 2354 im·

343 2397 456 2478 peritus
478 2416 538 2459 non
560 2397 705 2460 dubitabit
724 2398 782 2458 boc
801 2397 921 2476 quidem
941 2398 1004 2459 loco
1020 2396 1120 2459 Dionis
1143 2395 1339 2458 narrationem
1363 2396 1511 2476 Augustae
1533 2399 1696 2478 praeferre:

343 2500 454 2563 seilicet
481 2500 618 2582 princeps
645 2501 775 2563 scribens
799 2500 968 2564 Lucretium
992 2501 1144 2563 consulem
1171 2499 1206 2561 ad
1230 2519 1261 2562 se
1283 2501 1410 2579 legatum
1434 2519 1507 2574 esse,
1536 2519 1603 2562 cum
1632 2518 1699 2561 rere

343 2605 368 2665 is
394 2605 524 2686 privatus
547 2604 583 2666 ad
604 2623 671 2666 eum
694 2605 814 2678 veniret,
837 2605 941 2666 consul
962 2605 993 2666 in
1015 2605 1120 2668 urbem
1142 2603 1261 2676 rediret,
1284 2604 1385 2665 callide
1406 2623 1509 2665 verum
1534 2603 1614 2676 texit,
1638 2622 1698 2664 non

342 2717 376 2770 ut
403 2709 545 2770 honorem
573 2719 691 2788 augeret
721 2709 764 2790 (id
794 2709 872 2770 enim
902 2710 976 2771 inira
999 2727 1067 2770 eum
1090 2708 1192 2787 toret),
1221 2708 1272 2769 sed
1294 2726 1331 2767 ne
1353 2707 1522 2769 enuntiaret
1541 2715 1608 2786 post
1633 2725 1698 2767 rem

341 2811 487 2892 publicam
511 2832 528 2873 a
550 2832 582 2873 se
603 2813 769 2874 restitutam
792 2812 890 2873 civiles
910 2821 1010 2874 motus
1025 2811 1100 2875 ullos
1116 2811 1217 2873 luisse.
1248 2811 1323 2872 tlibi
1338 2829 1456 2890 quoque
1471 2810 1521 2873 ubi
1537 2819 1701 2889 tanguntur

343 2914 445 2977 turbae
473 2924 532 2976 tam
560 2916 613 2976 hae
640 2935 728 2995 quarn
758 2935 832 2995 quae
859 2935 911 2996 per
939 2935 964 2978 a.
982 2915 1041 2977 731
1073 2926 1103 2978 et
1130 2914 1191 2976 732
1219 2913 1403 2988 acciderunt,
1438 2915 1474 2975 de
1505 2912 1699 2976 seditionibus

341 3018 456 3080 nullum
480 3018 601 3082 verbum
625 3019 701 3081 iacit.
738 3018 769 3098 ld
792 3021 890 3100 ipsum
912 3019 1049 3101 princeps
1071 3037 1250 3098 quamquam
1276 3017 1356 3091 texit,
1380 3027 1477 3078 tamen
1498 3017 1570 3094 item
1586 3015 1699 3096 prodit3

341 3140 409 3183 nam
433 3123 458 3184 si
480 3122 632 3202 legationis
654 3123 790 3203 princeps
813 3124 917 3185 consul
939 3124 974 3185 ad
997 3142 1066 3185 eum
1089 3122 1227 3196 venisset,
1250 3122 1314 3183 sine
1336 3121 1426 3183 dubio
1449 3121 1615 3200 scripsisset
1630 3139 1700 3182 con-

341 3225 387 3286 sul
410 3224 446 3296 Q.
461 3223 606 3306 Leuctrica
634 3244 698 3288 cum
720 3236 805 3305 parte
830 3239 999 3306 praetorum
1026 3237 1052 3288 et
1073 3227 1256 3288 tribunorum
1275 3226 1357 3306 plebi
1376 3236 1401 3286 et
1420 3227 1597 3306 principibus
1618 3228 1699 3286 uiris.

341 3328 383 3389 lta
406 3328 515 3389 invitus
537 3328 726 3407 quodammio
749 3329 892 3408 signifieat
913 3339 1034 3393 senatus
1057 3330 1174 3391 decreto
1189 3330 1226 3390 ad
1242 3348 1273 3391 se
1289 3329 1397 3390 missos
1412 3347 1477 3390 esse
1492 3348 1527 3390 ex
1543 3328 1700 3408 magistra-

341 3430 421 3493 tibus
443 3441 592 3510 praetores
615 3440 645 3493 et
667 3432 809 3508 tribunos,
837 3433 1006 3496 Lucretium
1030 3442 1128 3496 autern
1151 3433 1285 3495 nondum
1310 3433 1462 3495 consulem
1485 3432 1600 3494 venisse
1623 3431 1701 3494 inter

341 3536 489 3616 principes
510 3535 645 3597 civitatis.
681 3537 874 3616 lnterpretem
898 3538 1047 3615 quomodo
1069 3537 1151 3598 locus
1173 3536 1294 3610 vexarit,
1317 3537 1397 3598 iuxta
1421 3537 1532 3616 positae
1547 3535 1698 3617 praeposi-

342 3639 435 3700 tiones
458 3635 518 3700 σύν
540 3647 570 3699 et
590 3637 675 3721 perci
697 3640 852 3701 declarant.
877 3676 918 3684 —
941 3640 1071 3722 Tempus
1093 3640 1246 3720 legationis
1268 3641 1452 3721 aliquatenus
1475 3640 1544 3701 indo
1560 3638 1700 3701 delinitur

340 3742 419 3822 quod
441 3750 542 3804 extant
563 3742 651 3803 huius
666 3741 735 3804 anni
752 3751 877 3806 tesserae
893 3763 960 3806 cum
977 3745 1096 3807 nomine
1111 3745 1200 3806 unius
1216 3745 1345 3806 consulis
1362 3743 1514 3806 Saturnini
1529 3743 1654 3824 scriptae
1668 3743 1699 3804 k.

339 3845 409 3926 bpr.
425 3845 469 3926 (C.
486 3846 507 3906 1.
524 3845 556 3907 L.
573 3845 594 3920 l,
611 3845 686 3927 742)
702 3855 731 3907 et
747 3867 848 3910 mense
863 3848 948 3909 lunio
964 3849 994 3926 (l.
1011 3867 1035 3910 c.
1053 3866 1082 3909 n.
1096 3847 1179 3927 743),
1196 3847 1266 3910 item
1284 3848 1387 3910 titulus
1402 3847 1599 3909 Cordubensis
1615 3846 1661 3926 (C.
1678 3847 1699 3907 l.

340 3948 372 4009 L.
389 3949 424 4022 ll,
437 3949 533 4028 2255)
556 3949 669 4030 positus
684 3949 715 4010 0.
728 3949 824 4014 Sentio
835 3951 896 4014 Sut.
913 3971 966 4013 eos.
982 3951 1010 4011 lr.
1022 3951 1153 4014 Sestilia.
1181 3953 1282 4031 ltaque
1296 3951 1450 4013 Lueretius
1465 3951 1569 4012 consul
1583 3961 1700 4011 creatus

340 4060 385 4113 est
398 4062 466 4132 post
482 4071 613 4114 mensem
627 4052 744 4126 Maium,
761 4055 884 4116 nuntius
899 4057 934 4117 de
947 4063 1045 4116 creato
1057 4074 1091 4116 ec
1102 4055 1267 4116 Cordubam
1280 4055 1411 4134 pervenit
1422 4064 1491 4136 post
1501 4055 1531 4115 k.
1543 4054 1699 4133 Augustas.

362 4381 427 4424 usr.
443 4361 473 4437 2,
489 4383 514 4424 sr
532 4371 558 4424 ‘aa
585 4361 681 4442 [Culm
705 4381 741 4424 ex
763 4362 919 4443 H[r'spo]nii
942 4364 1109 4445 Gallliopue,
1131 4365 1216 4426 rebus
1237 4368 1268 4426 in
1289 4364 1332 4425 bis
1349 4362 1511 4444 p]rorincis
1533 4363 1701 4445 prosp[c]lre

585 4466 719 4546 [postlilsp
746 4466 879 4543 R[omom
899 4469 983 4544 redit]
1006 4467 1050 4528 li.
1072 4467 1208 4547 Nelrloue
1231 4467 1264 4528 P.
1281 4466 1430 4544 Quilntib‘u
1458 4468 1630 4545 consulibals
1653 4469 1702 4546 [§],

529 4589 555 4630 as
582 4571 661 4631 ieram
686 4571 691 4654 1
719 4571 808 4648 [Paleis
841 4569 1026 4650 Alulglusdoc
1051 4583 1166 4634 moetus
1188 4572 1253 4652 pro]
1286 4571 1400 4649 rediltld
1430 4574 1496 4634 med
1523 4573 1706 4649 commorari

530 4691 557 4733 ao
585 4675 698 4749 censuit]
732 4675 767 4736 ad
801 4668 960 4752 camdpum
992 4671 1146 4746 Morbum,
1173 4677 1205 4734 in
1231 4694 1288 4755 pou
1314 4675 1513 4754 molgistratt'rs
1541 4682 1571 4734 et
1592 4675 1705 4750 sacier-

531 4796 555 4838 n
585 4777 661 4840 dotes
692 4788 718 4838 et
753 4778 885 4858 virgines]
913 4775 1064 4853 V[est]a'r[les
1089 4775 1093 4860 Ι
1118 4781 1348 4840 anniversarium
1379 4779 1563 4860 sucrificlium
1597 4779 1706 4855 lacer[e

584 4881 712 4966 soon
