3796 5588
1453 469 1535 525 XVII

182 648 414 728 praeferendum,
437 646 555 708 Paullus
571 646 664 708 lucas
687 646 768 710 iussu
784 647 923 709 Ludovici
938 646 1001 708 xlv
1024 657 1086 708 tum
1104 648 1209 710 Galliae
1232 649 1308 729 regis
1331 650 1368 711 ob
1391 649 1421 711 id
1436 649 1532 730 ipsum

182 752 289 813 missus
312 751 455 832 Ancyram
484 769 543 812 non
570 749 677 831 perite,
705 751 757 813 sed
786 770 853 813 curn
882 751 939 812 fido
966 760 996 812 et
1024 750 1172 830 diligentia
1195 771 1369 834 summaque
1391 751 1535 833 propositi

184 855 346 917 constantia
368 855 482 935 primus
505 862 732 917 monumentum
757 862 850 916 totum
874 854 1036 936 descripsit.
1070 854 1108 916 dt
1123 855 1217 918 Lucas
1239 875 1416 937 quamquam
1442 856 1533 918 multa

180 957 290 1020 addidit
321 957 559 1038 emendavitque,
591 968 691 1020 mmen
726 958 891 1040 exemplum
926 967 955 1021 et
986 959 1084 1040 ipsum
1117 977 1173 1020 nec
1202 959 1320 1040 plenum
1350 959 1406 1021 ruit
1438 978 1535 1039 neque

179 1061 327 1123 erroribus
350 1062 491 1136 immune,
514 1081 568 1124 nec
590 1062 652 1124 sine
674 1081 761 1124 causa
783 1062 971 1126 mirabuntur
992 1061 1102 1143 posteri
1124 1061 1258 1125 omnium
1280 1063 1434 1125 nationum
1456 1062 1534 1124 viros

60 1170 63 1191 ยน
181 1164 283 1227 doctos
305 1183 359 1245 per
380 1184 473 1227 annos
489 1166 555 1247 plus
570 1174 716 1228 trecentos
732 1169 841 1228 trustra
856 1166 1040 1240 laboravisse,
1063 1173 1097 1228 ut
1111 1184 1219 1246 paucae
1234 1166 1355 1247 paginae
1370 1165 1489 1228 Latinae
1503 1165 1535 1227 in

179 1268 247 1330 Asia
269 1268 383 1332 minore
405 1269 520 1352 publice
542 1279 708 1350 prestantes
731 1278 808 1332 reete
831 1270 1075 1332 describerentur.
1106 1271 1191 1332 Anno
1213 1271 1333 1333 demum
1359 1269 1437 1331 1861
1455 1268 1534 1349 quod

182 1381 226 1434 tot
241 1393 343 1453 regum
367 1373 569 1454 generationes
591 1381 642 1435 aut
663 1373 825 1453 ignorantia
848 1393 900 1436 sua
923 1383 974 1436 aut
995 1371 1108 1434 incuria
1130 1376 1224 1436 lacere
1238 1374 1435 1454 neglexerant,
1457 1373 1488 1434 in
1504 1391 1535 1434 se

180 1478 309 1558 suscepit
336 1478 464 1559 Napoleo
492 1477 531 1539 llI
560 1476 708 1540 Gallorum
746 1479 906 1560 imperator
931 1476 1091 1558 perficique
1118 1477 1206 1540 iussit
1233 1478 1307 1540 bene
1334 1486 1436 1558 coepta
1463 1475 1534 1537 olim

179 1581 316 1662 auspiciis
331 1581 470 1644 Ludovici
484 1581 557 1642 lilV.
594 1580 637 1642 lta
659 1583 743 1645 iussu
765 1582 858 1657 illius,
882 1601 952 1644 cura
974 1589 1072 1643 autem
1095 1589 1125 1642 et
1139 1580 1287 1660 diligentia
1303 1580 1418 1660 Georgii
1432 1579 1536 1642 Pcrrot

180 1692 209 1745 ct
229 1683 377 1747 lldmundi
404 1685 567 1748 Guillaume
594 1684 679 1746 bonis
708 1683 813 1746 litteris
841 1685 930 1747 trium
960 1683 1143 1746 saeculorum
1173 1684 1304 1746 debitum
1334 1684 1452 1747 tandem
1482 1684 1536 1746 ali-

178 1784 298 1861 quando
321 1784 487 1846 exsolutum
515 1793 561 1845 est
582 1783 799 1864 habuimusquo
824 1792 939 1866 praeter
961 1782 1104 1844 Graecum
1127 1783 1290 1863 expletum,
1322 1784 1357 1844 de
1379 1802 1438 1862 quo
1460 1782 1537 1845 intra

178 1883 300 1958 dicetur,
322 1886 413 1967 partis
436 1886 555 1948 Latinae
578 1888 776 1968 apographum
801 1887 947 1967 integrum
971 1896 1001 1947 ct
1023 1887 1159 1966 probum.

280 1989 337 2050 Sed
366 1990 533 2069 exemplum
563 2008 652 2052 manu
680 1991 859 2071 descriptum
889 1991 956 2053 licet
984 1989 1207 2069 diligentissime
1233 1989 1264 2050 in
1285 1990 1341 2051 hoc
1363 1989 1449 2051 titulo
1472 1991 1535 2050 sul-

179 2090 266 2152 ficere
288 2110 348 2153 non
373 2101 488 2173 poterat
509 2103 540 2155 ot
563 2092 733 2154 Latinorum
756 2093 890 2156 omnium
913 2092 1053 2175 primario
1076 2101 1106 2154 et
1127 2092 1298 2154 difficillimo
1319 2093 1355 2154 ad
1377 2092 1533 2172 legendum

179 2200 210 2254 et
231 2195 437 2276 supplendum.
482 2197 577 2270 Quam
600 2196 721 2258 obrem
745 2216 813 2258 cum
836 2196 969 2276 egregius
992 2197 1155 2259 litterarum
1178 2205 1346 2258 nostrarum
1369 2196 1486 2259 adiutor
1507 2205 1538 2258 et

179 2307 353 2378 propagator
376 2299 496 2362 Carolus
516 2300 655 2362 Humann
679 2301 820 2381 Smyrnae
848 2302 956 2381 degens
978 2299 1146 2362 Berolinum
1170 2301 1353 2374 advenisset,
1384 2301 1537 2382 splendido

179 2419 318 2464 successu
346 2403 538 2484 expeditionis
565 2413 684 2466 nostrae
710 2403 907 2483 Pergamenae
934 2403 1073 2466 incitatus
1107 2422 1173 2465 cum
1202 2423 1236 2466 eo
1263 2423 1347 2485 agere
1376 2405 1475 2486 coepi,
1503 2414 1538 2467 ut

179 2505 263 2583 quale
286 2496 415 2568 officium
444 2509 516 2569 artis
545 2507 682 2587 antiquae
710 2507 849 2570 studiosis
876 2507 1085 2590 praestitisset,
1116 2508 1165 2570 tali
1193 2507 1281 2570 etiam
1305 2527 1355 2570 eos
1377 2508 1536 2582 adiuvaret,

179 2608 230 2686 qui
252 2628 299 2670 res
315 2609 462 2672 Romanas
485 2611 637 2691 explorant
659 2612 919 2693 explorabantquc,
942 2621 972 2674 et
993 2611 1206 2693 expeditionem
1230 2612 1349 2674 alteram
1374 2611 1538 2692 susciperet

180 2711 216 2772 atl
238 2721 374 2794 ectypum
399 2733 572 2794 gypsaceum
595 2715 687 2777 totius
709 2717 895 2778 mouumenti
917 2715 1062 2797 ancyrani
1085 2715 1299 2778 conficiendum
1322 2725 1352 2778 et
1366 2715 1536 2777 Berolinum

179 2816 448 2879 transmittendum.
493 2818 591 2879 Motus
623 2817 648 2880 is
676 2839 793 2883 summa
824 2821 866 2883 rei
889 2821 1023 2894 utilitate,
1046 2820 1229 2899 aliquatenus
1252 2818 1323 2881 item
1347 2818 1452 2900 opinor
1472 2818 1536 2898 ipsa

179 2917 349 2982 difficultate
380 2940 410 2982 se
438 2931 572 3002 paratum
601 2941 665 2985 esse
694 2925 861 3006 respondit3
892 2943 950 3006 quo
978 2926 1055 2984 lacto
1078 2931 1108 2984 et
1129 2922 1276 2984 academia
1298 2931 1399 2985 nostra
1421 2940 1536 2984 memor

180 3022 269 3084 debiti
290 3025 403 3105 antiqui
426 3025 678 3088 blordtmanniana
706 3029 860 3100 missione,
888 3028 923 3089 de
946 3045 1003 3107 qua
1025 3027 1099 3088 inira
1123 3025 1249 3100 dicetur,
1277 3025 1419 3088 contracti
1442 3025 1536 3105 magis

179 3145 268 3204 quam
290 3129 442 3208 persoluti,
465 3130 566 3210 etqui
588 3149 693 3192 museo
715 3141 818 3194 nostro
839 3138 983 3212 praesunt
1004 3148 1063 3191 nou
1087 3128 1180 3208 ignari
1197 3149 1290 3215 'quam
1314 3129 1386 3192 utile
1400 3131 1534 3191 futurum

177 3239 256 3291 esset
277 3231 402 3311 Augusti
428 3232 672 3296 commentarium
701 3233 743 3295 sic
768 3236 829 3297 iere
851 3234 937 3296 utin
960 3233 1044 3296 Asiae
1066 3233 1265 3313 penetralibus
1288 3234 1418 3296 comitur
1440 3232 1535 3314 palam

175 3333 207 3394 in
238 3334 292 3395 hac
318 3343 420 3397 nostra
449 3336 612 3398 litterarum
641 3336 710 3399 sede
737 3337 871 3400 omnium
900 3337 991 3400 oculis
1013 3336 1044 3398 in
1067 3344 1241 3417 perpetuum
1269 3334 1402 3418 proponi,
1425 3335 1535 3416 petenti

179 3435 253 3497 mibi
275 3437 398 3518 benigne
422 3451 631 3502 concesserunt
652 3460 726 3520 quae
741 3442 777 3504 ad
793 3461 856 3504 rem
872 3441 1078 3524 perficiendam
1096 3439 1328 3520 requirebantur.
1360 3439 1535 3501 Humannus

177 3551 276 3603 autem
304 3560 362 3620 qua
389 3552 434 3604 est
463 3543 590 3605 sollertia
612 3543 742 3625 primum
766 3545 908 3606 rationem
933 3542 1105 3623 excogitavit
1126 3543 1303 3606 laminarum
1326 3561 1535 3624 gypsaoearum

177 3644 263 3706 solito
291 3645 458 3708 tenuiorum
488 3655 517 3709 ct
546 3647 688 3709 leviorum
717 3648 757 3710 ita
787 3647 1048 3722 conficiendarum,
1078 3656 1111 3708 ut
1138 3647 1257 3710 cistellis
1279 3647 1383 3726 ligneis
1406 3645 1535 3708 inclusae

175 3765 229 3826 per
255 3747 387 3810 iumenta
415 3757 479 3811 tuto
505 3752 704 3830 perferantur3
734 3749 838 3813 deinde
859 3750 1005 3831 Ancyram
1031 3752 1181 3829 proiectus
1203 3771 1256 3831 per
1278 3750 1339 3812 dies
1362 3750 1414 3811 lul.
1432 3746 1535 3808 1-24

176 3869 202 3910 a.
220 3849 303 3913 1882
326 3853 476 3932 negotium
500 3853 555 3914 sibi
578 3854 748 3915 mandatum
772 3862 891 3916 strenue
915 3853 1037 3915 sollicite
1059 3851 1182 3914 feliciter
1203 3853 1355 3933 peregit1).
1400 3852 1442 3912 lta
1464 3869 1535 3912 oen-

176 3963 242 4015 tum
271 3955 430 4035 nonaginta
459 3967 598 4036 quattuor
625 3956 749 4019 laminae
778 3977 934 4038 gypsaceae
962 3957 1075 4037 Ancyra
1105 3955 1244 4018 Brussam
1272 3955 1404 4018 terrestri
1430 3953 1537 4016 itinere

175 4057 367 4120 transmissae
396 4059 442 4120 die
473 4061 553 4140 Sept.
573 4062 610 4122 15
638 4064 708 4122 anni
739 4061 869 4124 eiusdem
898 4061 929 4122 in
960 4078 1095 4122 museum
1119 4059 1307 4120 berolinense
1329 4067 1536 4140 pervenerunt,
1630 4053 1632 4056 โ

176 4161 228 4222 ubi
250 4161 308 4223 iam
331 4161 411 4242 ipsae
434 4163 490 4224 sub
512 4164 584 4226 clavi
607 4163 823 4227 custodiuntur.
860 4163 1038 4226 Tabularum
1061 4181 1096 4223 ex
1112 4161 1283 4225 matricibus
1297 4161 1334 4222 iis
1350 4169 1535 4241 sumptarum

176 4265 321 4344 quaedam
342 4265 458 4345 publice
473 4266 503 4328 in
519 4286 622 4330 museo
639 4269 788 4349 expositae
804 4277 886 4342 sunt3
910 4267 1080 4329 universum
1097 4272 1322 4326 monumentum
1339 4263 1474 4325 similiter
1487 4282 1537 4324 re-

177 4368 386 4430 concinnatum
408 4377 472 4430 turn
488 4382 679 4452 proponetur,
695 4392 764 4434 oum
780 4372 870 4453 spatia
888 4371 983 4433 musei
998 4369 1135 4450 ampliata
1150 4365 1325 4448 expositioni
1339 4367 1365 4428 ei
1381 4367 1535 4429 sufficient.

278 4468 331 4532 llis
352 4472 462 4554 ectypis
484 4473 585 4536 adlatis
608 4494 787 4556 quamquam
811 4475 943 4555 exempla
965 4481 1032 4535 ante
1056 4481 1174 4553 sumpta
1189 4472 1219 4532 in
1236 4469 1407 4533 uuiversum
1423 4469 1536 4532 inutilia

179 4575 254 4635 iacta
281 4583 367 4647 sunt,
393 4575 587 4640 nibilominus
612 4599 673 4641 non
703 4578 824 4642 omnino
850 4578 886 4640 iis
916 4597 1013 4640 carere
1038 4595 1197 4659 possumus
1220 4582 1339 4654 propter
1359 4575 1439 4636 locos
1462 4574 1536 4635 duos

180 4679 210 4748 5,
226 4677 351 4743 34-48
375 4688 405 4741 et
427 4679 565 4756 6,1-6,
588 4702 662 4762 quos
684 4683 737 4763 qui
759 4683 828 4744 olim
852 4682 1071 4764 descripserunt
1085 4679 1185 4742 minus
1199 4677 1386 4758 imperfectos
1402 4677 1537 4739 viderunt

180 4835 392 4849 -โโnโ

280 4923 303 4984 ยน)
320 4920 453 4975 itinerarii
470 4923 596 4975 llumanni
613 4931 709 4991 partem
727 4925 775 4976 buc
794 4925 962 4993 pertinentem
980 4924 1061 4991 ipsam
1078 4919 1145 4974 inire
1163 4919 1277 4987 reperies
1294 4933 1316 4986 p.
1335 4933 1415 4971 xxvru.

1353 5005 1377 5058 B
