3798 5584
803 446 841 512 II,
860 447 965 501 34-37
1517 445 1559 508 47

205 630 338 709 Augusto
360 636 428 710 post
450 627 618 690 ordinatum
642 635 752 690 statum
776 625 889 689 Siciliae
906 625 1042 688 Graeciae
1063 624 1149 686 Asiae
1172 625 1271 705 Syriae
1285 623 1409 685 Romam
1424 622 1559 683 redeunti

204 734 349 816 plurimos
377 734 504 795 honores
532 733 665 794 decretos
695 750 773 804 esse,
804 731 918 792 nullum
948 749 1017 792 vero
1043 748 1111 792 eum
1134 728 1280 811 accepisse
1303 727 1390 812 πλην
1414 723 1502 810 Τύχη
1525 748 1560 788 τε

205 836 412 922 ἕπαναγωγῷ
444 831 558 918 βωμὸν
585 832 765 920 ἱδρυθῆναι
793 833 849 896 καὶ
877 833 936 917 τὴν
962 829 1087 918 ἡμέραν
1112 827 1152 916 ἢν
1178 826 1336 916 αἰμίξοιτο
1364 829 1399 894 ἔν
1425 854 1460 894 τε
1486 840 1561 904 ταῖς

206 937 412 1024 ἱερομηνίαις
446 934 676 1023 ἀριθμεῖσθαι
705 939 759 999 καὶ
794 931 1032 1017 Αὔγοασεοέλια
1062 933 1305 1018 ὀνομάζεσθαι,
1338 937 1466 998 honores
1501 943 1560 996 tres

205 1046 337 1107 diversos
370 1062 547 1106 enumerans
577 1063 593 1104 a
620 1041 832 1104 recentioribus
865 1061 924 1104 non
959 1042 1030 1104 satis
1060 1041 1224 1114 distinctos,
1254 1060 1320 1102 arae
1349 1040 1561 1102 consecrandae

204 1149 351 1212 Fortunae
378 1147 496 1220 reduci,
527 1147 666 1209 seriarum
694 1145 956 1218 instituendarum,
983 1144 1112 1207 nominis
1138 1144 1342 1225 Augustalium
1372 1145 1399 1206 ei
1427 1145 1483 1206 dici
1507 1144 1560 1205 tri-

205 1253 322 1315 buendi.
345 1289 387 1300 -
413 1247 521 1334 Τύχην
544 1247 707 1335 σωτήριον
728 1269 787 1312 non
810 1271 875 1312 esse
890 1251 1050 1312 Fortunam
1067 1250 1193 1330 aliquam
1209 1250 1377 1322 salutarem,
1400 1250 1449 1312 sod
1466 1249 1560 1329 ipsam

205 1357 343 1419 reducem
366 1363 444 1417 recte
466 1355 614 1436 perspexit
635 1355 782 1417 Beckerus
803 1355 914 1417 enchir.
932 1356 959 1428 1,
976 1355 1036 1414 641
1053 1373 1082 1414 n.
1102 1354 1192 1428 1372,
1216 1355 1291 1416 male
1313 1355 1428 1435 negavit
1451 1354 1562 1434 Zump-

206 1461 276 1522 tius.
326 1462 383 1521 dra
414 1479 472 1538 quo
499 1459 563 1520 loco
593 1458 753 1520 constituta
780 1459 820 1520 sit
845 1459 903 1520 iam
932 1477 968 1519 ex
997 1467 1190 1520 monumento
1220 1459 1372 1539 ancyrano
1405 1457 1561 1530 discimus3

204 1565 356 1644 elegerunt
378 1570 477 1625 autem
507 1562 603 1623 locum
631 1571 785 1642 propterea
812 1563 891 1642 quod
912 1561 1063 1642 Augustus
1085 1581 1102 1622 e
1125 1561 1282 1643 Campania
1304 1561 1383 1642 (vide
1406 1561 1487 1640 mox)
1509 1579 1563 1640 per

204 1666 328 1748 Appiam
352 1667 388 1728 ad
411 1666 515 1728 urbem
539 1664 659 1727 veniens
682 1665 831 1745 ingressus
857 1675 903 1727 est
931 1673 1015 1747 porta
1044 1665 1167 1746 Capena.
1212 1664 1253 1726 ue
1281 1665 1400 1727 aedibus
1431 1664 1561 1744 gemellis

205 1769 333 1833 Honoris
362 1777 392 1832 et
413 1767 537 1830 Virtutis
563 1769 599 1830 ad
626 1777 741 1848 portam
770 1769 915 1850 Capenam
943 1769 1002 1848 egit
1028 1769 1175 1830 Bcckerus
1203 1768 1314 1830 enchir.
1333 1771 1362 1842 1,
1377 1768 1453 1842 5103
1476 1785 1560 1849 prae·

204 1874 312 1956 positio
334 1891 478 1953 quaenam
502 1872 592 1934 luerit
613 1880 680 1934 ante
702 1875 794 1948 eodm,
816 1891 921 1954 parum
944 1879 1068 1934 constat.
1112 1871 1180 1932 llies
1202 1871 1345 1933 adventus
1367 1866 1423 1932 luit
1439 1870 1504 1932 Oct.
1523 1870 1561 1931 12

206 1977 370 2057 eodemque
392 1976 439 2038 die
461 1994 511 2037 ara
533 1975 692 2038 constituta
716 1983 770 2049 est,
792 1976 924 2038 absoluta
946 1984 977 2037 et
998 1974 1129 2038 dedicata
1151 1974 1198 2037 die
1214 1975 1280 2036 llec.
1299 1977 1347 2037 15.
1379 1973 1561 2036 Sacrificium

204 2081 438 2144 anniversarium
460 2078 618 2160 perficiunt
638 2080 791 2161 pontifices
814 2077 1000 2160 virginesque
1023 2079 1075 2153 vel,
1100 2087 1133 2140 ut
1154 2079 1262 2141 Graece
1277 2079 1393 2152 dicitur,
1417 2073 1450 2140 οἱ
1466 2073 1563 2160 ἱερεῖς

203 2183 262 2245 καὶ
283 2180 321 2246 αἱ
344 2181 461 2266 ἱέρειαι
484 2185 534 2259 (cl.
550 2182 603 2245 uio
626 2185 662 2245 lr.
679 2183 719 2245 87
742 2183 831 2244 Bekk.
847 2193 877 2245 et
900 2185 949 2256 51,
968 2183 1021 2261 19;
1044 2182 1118 2264 App.
1135 2182 1164 2256 2,
1183 2182 1266 2263 106).

744 2493 917 2571 CAPVT
943 2493 1026 2570 XII

270 2694 335 2736 aar.
351 2672 381 2748 2,
397 2692 422 2736 ει
451 2667 456 2756 Ι
481 2672 611 2752 [Senatus
633 2675 759 2736 coasulto
781 2675 875 2736 eodem
896 2672 1031 2754 temporle
1047 2690 1114 2752 pars
1130 2673 1305 2752 [praetorum
1320 2681 1346 2732 et
1360 2671 1561 2749 trilbuuorum

395 2796 422 2838 aa
451 2773 455 2854 Ι
480 2777 567 2857 [plebi
590 2795 655 2839 com
683 2777 796 2840 consule
824 2774 859 2848 Q.
880 2775 1020 2855 Lueretlio
1048 2785 1078 2837 et
1103 2773 1312 2855 princilpilhus
1341 2776 1419 2851 [mres
1441 2775 1562 2854 ollulam

397 2899 424 2943 aa
451 2879 525 2941 mihi
542 2878 548 2962 Ι
568 2879 675 2959 mis[s]a
702 2882 754 2959 e[st
780 2883 812 2941 io
840 2879 1055 2961 Compoadalm,
1084 2879 1142 2960 qua]
1171 2879 1265 2939 honos
1295 2878 1342 2955 [cd
1367 2878 1419 2940 ίιοο
1445 2881 1564 2960 tempus]

396 3003 422 3046 aa
449 2983 560 3047 nemini
582 2980 706 3065 praeitor
729 2985 793 3062 [οιΙε
815 2986 867 3062 εεΙί
890 2985 1036 3062 ιίεονιίιιοΙ.

250 3107 295 3148 uu.
311 3088 341 3161 6,
357 3103 383 3148 aa
400 3107 425 3148 aa
453 3085 606 3170 Δόμματι
629 3079 828 3170 σΙυΙνκληέοο
850 3083 883 3150 oi
904 3087 964 3161 τὰς
985 3088 1142 3170 μεγίστας
1163 3079 1267 3167 ἆρχᾶς
1292 3077 1468 3163 ἅρΙξανεεΙς
1495 3083 1565 3163 olda

398 3209 423 3254 tr
451 3190 543 3272 μέρει
577 3189 765 3273 στρατηγῶν
798 3190 854 3252 καὶ
887 3186 1063 3274 δημάρχων
1092 3185 1097 3270 Ι
1127 3187 1210 3270 μετὰ
1241 3183 1393 3266 drappos
1425 3183 1563 3251 Κοίντου

399 3311 424 3355 aa
453 3294 665 3376 Λουκρητίου
698 3290 935 3377 ἐπέμφθηΙσάν
966 3315 1025 3376 μοι
1062 3286 1305 3374 ὑπανεήσοντες
1337 3292 1432 3374 μέχρι
1470 3295 1564 3373 Καμ-

398 3415 424 3460 ts
452 3397 587 3470 πανίας,
621 3391 692 3480 ᾔεις
717 3393 723 3479 Ι
748 3395 843 3480 τειμη
876 3399 973 3480 μέχρι
1006 3391 1124 3459 τούτου
1158 3389 1234 3457 οὐδὲ
1266 3391 1315 3456 ἑνὶ
1349 3393 1380 3455 εἰ
1410 3392 1453 3476 μη
1487 3391 1563 3477 ἐμοὶ

397 3517 425 3561 20
451 3493 692 3582 aureolo-s

207 3629 271 3691 Lat.
287 3627 328 3690 34
350 3629 429 3708 quod
451 3628 588 3691 dederam
604 3629 728 3707 [senonas
743 3629 869 3693 οοιιεαίίο
884 3630 980 3692 eodem
996 3629 1128 3711 temporle
1145 3627 1321 3710 improbarit
1335 3626 1476 3706 Bergkius
1492 3627 1564 3688 sub·

207 3731 335 3794 stituens
363 3733 491 3814 [itemquo
512 3751 549 3794 εα
574 3743 690 3795 scamus
712 3734 897 3811 auctoritotla
920 3734 1012 3807 male3
1039 3751 1106 3795 nam
1129 3741 1159 3795 et
1180 3733 1288 3794 Graeca
1309 3729 1512 3811 interpretatio
1534 3739 1564 3792 et

206 3835 391 3899 cousuetudo
413 3835 539 3915 dupusu'
568 3836 741 3899 vocabulum
770 3837 922 3918 proprium
950 3845 980 3898 et
1001 3836 1164 3916 legitimum
1186 3834 1318 3914 requirit,
1341 3851 1468 3912 cumque
1494 3851 1563 3895 eum

206 3948 346 4021 appareat
366 3939 442 4001 hano
464 3939 638 4020 legationem
660 3939 737 4001 iuter
759 3938 956 4002 dedicationes
978 3957 1095 4000 ararum
1119 3938 1243 3999 duarum
1263 3936 1328 3998 ideo
1343 3935 1563 4018 interposuisse,

207 4042 288 4123 quod
314 4060 382 4105 oum
405 4041 502 4124 priore
524 4061 556 4104 re
578 4049 609 4104 et
630 4052 762 4124 tempore
784 4041 939 4104 coniuncta
961 4042 1031 4115 luit,
1058 4042 1123 4105 eius
1149 4040 1363 4103 coniunctionis
1392 4039 1564 4120 significato

207 4145 305 4226 aliqua
332 4145 502 4226 requiritur.
550 4146 583 4206 lu
611 4145 755 4226 pn'ncipio
784 4146 945 4227 intercepta
972 4153 1042 4208 suut
1071 4144 1216 4206 clementa
1246 4163 1271 4205 c.
1287 4162 1362 4206 xxiv.
1390 4178 1432 4188 ·—-
1460 4143 1499 4204 35
1522 4143 1563 4204 in,

208 4267 279 4312 cum
304 4249 440 4310 deficiant
466 4248 579 4312 litterae
604 4268 629 4310 c.
645 4267 702 4322 uxr,
727 4249 806 4330 plebi
831 4248 948 4311 tolerari
976 4248 1098 4330 poterit3
1125 4257 1210 4310 antea
1235 4246 1371 4309 dederam
1397 4267 1459 4309 uae
1489 4265 1562 4308 rum.

207 4387 251 4398 —
274 4352 307 4414 lu
330 4351 521 4432 sequentihus
544 4370 597 4432 ego
619 4371 830 4433 proposueram
858 4353 1034 4433 priodpilau
1060 4355 1130 4413 oirr's
1159 4353 1271 4414 obvium
1297 4351 1369 4412 milri
1392 4353 1473 4411 misai
1497 4359 1565 4410 mot

207 4462 240 4519 ιἰι
274 4456 474 4538 Compasium,
508 4453 650 4534 Berpkius
679 4455 855 4537 pnacipidoa
885 4460 918 4517 ia
952 4454 1110 4535 Corapoaic
1142 4455 1214 4518 mali
1242 4455 1324 4516 mirsi
1352 4463 1420 4515 orat
1452 4453 1565 4514 obuiam

207 4559 381 4635 sarmarum
414 4578 488 4641 quae
521 4569 708 4621 accesserunt
740 4579 776 4622 ex
808 4559 937 4641 pleniore
970 4556 1159 4636 reliquiarum
1193 4556 1331 4630 lectione,
1363 4555 1412 4617 illa
1444 4556 1565 4636 supple·

210 4673 311 4726 menta
342 4666 403 4725 lere
429 4663 651 4725 confirmarunt.
674 4699 716 4708 -
738 4662 818 4725 ldem
846 4661 989 4741 Bergkius
1022 4661 1100 4740 quod
1130 4659 1240 4740 llagitat
1269 4671 1335 4722 oute
1362 4660 1415 4722 ίιοο
1447 4671 1563 4739 tempu,

210 4767 338 4847 spatium
360 4766 482 4828 excedit.
506 4801 547 4810 —
569 4763 610 4826 37
633 4774 701 4844 post
722 4785 782 4828 aas
803 4785 872 4827 oum
894 4783 954 4826 non
976 4763 1099 4825 deficere
1127 4762 1281 4824 rideantur
1302 4763 1414 4824 litterae
1436 4762 1502 4843 plus
1526 4780 1563 4836 rx,

210 4871 362 4952 suppletae
385 4879 456 4933 sunt
477 4889 517 4932 n.
