3796 5588
204 1539 293 1646 (ium
320 1583 351 1645 iu
381 1583 608 1666 inscriptionum
635 1583 807 1647 Latinarum
835 1584 944 1666 sylloge
972 1584 1056 1648 iussu
1086 1585 1250 1648 academiae
1282 1587 1480 1650 berolinensis
1505 1606 1559 1668 pa-

202 1687 293 1749 randa
315 1687 351 1749 ad
366 1686 560 1750 Asiaticorum
575 1687 793 1769 provinciarum
808 1688 1015 1771 inscriptiones
1031 1687 1148 1752 Latinas
1163 1692 1358 1754 recensendas
1373 1691 1558 1754 devenissem

203 1790 389 1871 iudicemque
411 1810 512 1853 rerum
534 1791 570 1854 ab
592 1791 725 1871 Augusto
748 1801 896 1873 gestarum
920 1811 984 1855 mea
1008 1812 1095 1874 opera
1116 1796 1333 1857 reuaotandum
1358 1815 1422 1858 esse
1444 1795 1559 1857 intelle-

202 1893 320 1968 xissem,
343 1894 446 1957 adlatis
468 1915 503 1957 eo
525 1895 590 1976 ipso
613 1905 744 1978 tempore
767 1896 908 1959 beneficio
930 1896 1045 1959 Perroti
1068 1896 1206 1960 subsidiis
1221 1899 1305 1960 novis
1320 1898 1414 1980 iisque
1430 1899 1558 1980 optimis,

202 2000 355 2061 emendata
376 2008 459 2081 parte
482 1999 593 2074 Latina,
616 2000 725 2062 Graeca
747 2019 816 2062 vero
843 2000 931 2063 etiam
960 2002 1082 2082 expleta,
1111 2000 1157 2063 his
1183 2001 1224 2064 ita
1251 2002 1295 2064 uti
1321 2003 1418 2066 visum
1445 2013 1499 2078 est,
1527 2011 1560 2064 ut

201 2100 306 2164 indicis
328 2102 391 2164 eius
412 2102 501 2165 editio
524 2103 736 2166 commentario
758 2103 901 2167 instructa
925 2105 1081 2185 separatim
1097 2104 1236 2186 prodiret,
1258 2105 1315 2188 ipsi
1329 2107 1446 2188 corpori
1462 2116 1560 2170 textus

202 2208 409 2269 tantummodo
431 2225 500 2269 cum
530 2205 717 2269 adnotatione
750 2207 850 2270 critica
879 2207 1069 2272 insereretur.
1110 2209 1184 2271 Nam
1217 2228 1285 2271 cum
1319 2210 1418 2292 ipsum
1452 2229 1560 2274 monu-

200 2317 336 2372 mentum
358 2309 399 2372 ita
421 2319 623 2392 comparatum
647 2311 695 2382 sit,
720 2320 754 2373 ut
774 2320 854 2373 recte
876 2320 906 2374 et
927 2312 1011 2393 plene
1034 2312 1081 2374 vix
1104 2313 1234 2375 adhiberi
1253 2333 1341 2395 posse
1355 2314 1488 2377 videatur
1502 2314 1561 2376 nisi

199 2415 380 2478 illustratum
407 2414 619 2477 commentario
644 2425 801 2495 perpetuo,
829 2415 891 2477 eius
922 2415 1036 2495 generis
1063 2416 1212 2479 adnotatio
1239 2418 1369 2499 corporis
1396 2417 1560 2481 rationibus

199 2537 305 2602 parum
334 2526 401 2600 apta
429 2517 491 2580 visa
518 2528 572 2580 est.
621 2517 775 2580 Praeterea
801 2528 872 2581 sunt
898 2521 947 2600 qui
977 2519 1123 2583 eiusmodi
1149 2531 1376 2584 monumentum
1407 2522 1443 2584 ad
1471 2521 1561 2583 libelli

200 2627 326 2686 formam
349 2641 441 2710 prope
464 2624 604 2685 accedeus
627 2631 657 2684 et
678 2631 738 2685 tam
762 2623 908 2704 philologo
923 2643 1013 2704 quam
1028 2623 1168 2687 historico
1184 2623 1375 2687 utilissimum
1391 2644 1561 2706 comparare

200 2727 257 2790 sibi
279 2727 385 2803 velint,
409 2746 477 2790 oum
499 2736 648 2808 praeterea
669 2745 730 2788 non
752 2726 903 2808 inquirant
932 2728 998 2791 data
1025 2747 1113 2809 opera
1142 2728 1173 2789 in
1202 2728 1410 2809 inscriptiones
1432 2729 1559 2792 Latinas.

199 2830 324 2913 Propter
352 2832 406 2894 has
427 2830 664 2893 ratiocinationes
686 2829 812 2893 indicem
834 2831 959 2912 Augusti
981 2851 1117 2894 seorsum
1139 2832 1216 2894 edidi
1238 2851 1263 2894 a.
1282 2831 1371 2904 1865Ν
1386 2851 1453 2895 cum
1477 2852 1560 2895 com-

200 2935 354 3009 mentario,
384 2935 448 2996 sine
478 2953 512 2996 eo
540 2934 621 2997 brevi
647 2934 834 2998 adnotatione
860 2935 972 2998 adiecta
999 2935 1123 3016 repetivi
1143 2935 1174 2997 in
1197 2937 1344 2998 volumine
1367 2954 1399 2996 ιιι
1422 2936 1559 3017 Corporis

199 3037 423 3120 inscriptionem
447 3037 617 3101 Latinarum
641 3037 718 3101 edito
741 3057 766 3100 a.
785 3037 865 3101 1873
884 3059 913 3120 p.
930 3040 1098 3102 ras-799
1114 3039 1165 3121 (cl.
1180 3057 1209 3119 p.
1228 3039 1332 3119 1064).
1369 3038 1454 3101 Nunc
1476 3049 1560 3120 post-

200 3160 288 3221 quam
311 3151 416 3205 nactus
438 3161 506 3204 sum
528 3151 666 3224 ectypum
688 3160 864 3223 gypsaceum
887 3144 1006 3224 plenum
1031 3152 1061 3205 et
1082 3145 1245 3224 perlectum
1268 3144 1308 3217 id,
1332 3142 1448 3223 dequo
1471 3161 1560 3224 supra

200 3263 230 3324 p.
237 3263 326 3306 xxvuv
338 3245 406 3319 dixi,
423 3245 628 3309 commentarii
638 3246 727 3308 altera
740 3245 828 3308 editio
840 3247 938 3326 prodit
949 3256 979 3308 et
989 3245 1165 3309 certioribus
1176 3245 1375 3308 fundamentis
1387 3254 1520 3308 extructa
1531 3255 1561 3307 et

199 3349 284 3411 novis
295 3349 374 3411 curis
387 3349 470 3424 meis,
482 3349 535 3412 ubi
545 3370 593 3412 ros
605 3350 781 3431 requirebat,
794 3351 947 3413 emendata
958 3360 988 3414 et
999 3350 1151 3432 perpolita.
1175 3350 1309 3413 Similem
1321 3349 1480 3412 editionem
1492 3358 1560 3412 ante

200 3451 280 3514 illam
303 3471 399 3516 msam
423 3464 565 3516 curarunt
586 3454 646 3515 duo
668 3453 723 3515 viri
745 3453 823 3515 docti
845 3454 989 3516 lohannes
1012 3453 1151 3516 l'ranzius
1173 3463 1203 3516 et
1225 3457 1297 3533 Aug.
1321 3451 1386 3514 Gul.
1404 3450 1560 3532 Zumptius

202 3554 349 3629 (Caesaris
374 3557 494 3638 Aupnsti
525 3557 614 3620 ebdom
640 3575 740 3619 rerum
766 3577 786 3618 o
811 3577 840 3619 se
865 3569 1010 3638 postorum
1037 3561 1094 3620 ove
1121 3569 1334 3620 monumentum
1364 3554 1559 3634 homonum.

201 3657 329 3722 berolini
355 3661 446 3722 1845.
469 3662 498 3722 4.
522 3679 570 3741 pp.
596 3660 680 3740 120),
703 3661 776 3722 moti
792 3661 918 3723 Graecae
940 3661 1083 3723 versionis
1105 3669 1187 3742 parte
1202 3661 1299 3741 paullo
1313 3666 1381 3721 ante
1396 3658 1432 3720 ab
1448 3657 1561 3720 Hamil-

200 3770 272 3824 tono
294 3771 418 3843 reperta,
440 3763 608 3844 postillam
632 3764 804 3826 Theodorus
826 3763 921 3844 bergh
937 3766 1068 3847 (Acpcsti
1086 3783 1187 3827 rernm
1208 3783 1227 3826 o
1248 3783 1277 3826 se
1301 3774 1446 3844 postorum
1471 3761 1561 3824 indeo

201 3885 265 3928 cum
290 3865 399 3929 Graeco
424 3868 606 3948 metaphrasi.
649 3867 804 3948 Gottingae
829 3867 920 3930 1873.
954 3869 1045 3950 8pp.
1064 3868 1146 3946 136).
1183 3865 1300 3947 Bnrglrii
1322 3867 1395 3928 livor
1409 3874 1439 3927 et
1454 3864 1562 3927 invidia

200 3987 269 4030 cum
291 3969 356 4050 ipso
380 3972 493 4051 sepulta
508 3981 609 4047 sunto;
632 3990 707 4052 quae
729 3971 902 4051 excogitavit
916 3971 1050 4052 religiosa
1065 3970 1149 4033 attub
1165 3970 1253 4032 etiam
1269 3968 1397 4043 leviora3
1419 3969 1560 4030 iudicium

200 4074 238 4135 de
259 4074 464 4137 commentarii
486 4075 599 4137 meritis
622 4078 717 4137 terent
739 4074 796 4136 alii.
831 4074 985 4137 Praeterea
1006 4074 1127 4137 adhibui
1149 4073 1413 4135 commentationes
1435 4092 1489 4154 per
1506 4074 1562 4134 hos

201 4195 294 4238 annos
318 4177 354 4238 de
377 4177 433 4240 boo
466 4186 661 4240 monumento
683 4178 775 4240 editas
804 4177 960 4240 Caelestini
987 4176 1131 4241 Garedoni
1154 4177 1189 4256 (tt
1210 4187 1392 4239 monumento
1414 4177 1561 4239 Aocirono

201 4280 232 4341 di
254 4280 356 4344 Gesore
379 4282 502 4363 Aupcsto
531 4281 676 4346 illustrato
703 4282 748 4345 eo’
775 4285 910 4344 recentia·
937 4281 1009 4345 delle
1030 4303 1080 4344 soe
1101 4281 1238 4361 medoplie
1259 4281 1290 4341 in
1313 4282 1379 4361 eph.
1403 4279 1563 4342 blutinensi

201 4384 328 4463 opuscolo·
352 4385 491 4465 retipv'osi,
521 4386 655 4465 loturorj
683 4407 698 4449 c
725 4386 833 4448 morali
861 4404 918 4447 ser.
942 4385 961 4445 2
984 4387 1039 4448 vol.
1063 4387 1082 4448 6
1106 4405 1169 4467 pag.
1194 4382 1394 4459 321-354);
1416 4382 1562 4445 Theodori

202 4484 316 4566 Berghii
345 4497 414 4550 aute
441 4489 600 4553 editionem
631 4508 719 4571 supra
746 4489 863 4551 citatam
895 4506 963 4550 cum
985 4488 1082 4550 indice
1105 4488 1271 4551 scholarum
1294 4489 1471 4550 aestivarum
1495 4487 1563 4551 uni·
1608 4506 1614 4516 ·

201 4590 347 4653 versitatis
370 4591 503 4654 Halensis
530 4613 556 4655 a.
583 4591 664 4656 1869
692 4592 830 4654 emissam
861 4593 902 4669 (4.
925 4612 975 4673 pp.
998 4590 1360 4672 xl11);h.w.2umpu·i
1384 4590 1433 4670 (de
1455 4609 1563 4651 monn-

201 4703 302 4757 mento
323 4677 489 4777 hucyrano¹
511 4696 674 4778 supplendo
708 4696 926 4758 commentatio.
950 4694 1077 4757 Berolini
1102 4694 1193 4757 1869.
1216 4696 1246 4756 4.
1269 4713 1318 4775 pp.
1342 4693 1410 4773 24);
1444 4691 1563 4754 Ottonis

202 4795 365 4860 llirscbield
400 4798 421 4880 ('
477 4799 543 4879 eph.
579 4799 700 4862 llartelii
733 4808 763 4862 et
786 4799 935 4862 Schenklii
972 4799 1083 4862 Wiener
1103 4793 1224 4862 Studien
1257 4798 1313 4860 vol.
1336 4796 1355 4858 3
1378 4815 1404 4858 a.
1430 4795 1508 4858 1881
1533 4814 1562 4875 p.

203 4900 394 4979 asa-aot).

1363 4997 1405 5054 Ο*
